@article{lesnik1995relative,
  title={Relative thermodynamic stability of {DNA}, {RNA}, and {DNA}:{RNA} hybrid duplexes: relationship with base composition and structure},
  author={Lesnik, Elena A and Freier, Susan M},
  journal={Biochemistry},
  volume={34},
  number={34},
  pages={10807--10815},
  year={1995},
  publisher={ACS Publications}
}

@article{ussery2002dna,
  title={{DNA Structure: A-, B- and Z-DNA Helix Families}},
  author={Ussery, David W},
  journal={{Encyclopedia of Life Sciences}},
  pages={1--7},
  year={2002},
  publisher={Wiley Chichester}
}

@article{chen2010molprobity,
  title={MolProbity: all-atom structure validation for macromolecular crystallography},
  author={Chen, Vincent B and Arendall, W Bryan and Headd, Jeffrey J and Keedy, Daniel A and Immormino, Robert M and Kapral, Gary J and Murray, Laura W and Richardson, Jane S and Richardson, David C},
  journal={{Acta Crystallographica Section D: Biological Crystallography}},
  volume={66},
  number={1},
  pages={12--21},
  year={2010},
  publisher={International Union of Crystallography}
}

@article{lu2000form,
  title={A-form conformational motifs in ligand-bound {DNA} structures},
  author={Lu, Xiang-Jun and Shakked, Zippora and Olson, Wilma K},
  journal={{Journal of Molecular Biology}},
  volume={300},
  number={4},
  pages={819--840},
  year={2000},
  publisher={Elsevier}
}

@article{dans2017accurate,
  title={How accurate are accurate force-fields for {B-DNA}?},
  author={Dans, Pablo D and Ivani, Ivan and Hospital, Adam and Portella, Guillem and Gonz{\'a}lez, Carlos and Orozco, Modesto},
  journal={{Nucleic Acids Research}},
  volume={45},
  number={7},
  pages={4217--4230},
  year={2017},
  publisher={Oxford University Press}
}
@article{assenza2021accurate,
  title={Accurate sequence-dependent coarse-grained model for conformational and elastic properties of double-stranded {DNA}},
  author={Assenza, Salvatore and Perez, Ruben},
  journal={{Biophysical Journal}},
  volume={120},
  number={3},
  pages={222a},
  year={2021},
  publisher={Elsevier}
}

@article{dickerson1982anatomy,
  title={The anatomy of {A-, B-, and Z-DNA}},
  author={Dickerson, Richard E and Drew, Horace R and Conner, Benjamin N and Wing, Richard M and Fratini, Albert V and Kopka, Mary L},
  journal={{Science}},
  volume={216},
  number={4545},
  pages={475--485},
  year={1982},
  publisher={American Association for the Advancement of Science}
}

@article{el1997conformational,
  title={Conformational characteristics of  {DNA} : empirical classifications and a hypothesis for the conformational behaviour of dinucleotide steps},
  author={El Hassan, MA and Calladine, CR},
  journal={{Philosophical Transactions of the Royal Society of London. Series A: Mathematical, Physical and Engineering Sciences}},
  volume={355},
  number={1722},
  pages={43--100},
  year={1997},
  publisher={The Royal Society}
}

@article{el1998two,
  title={Two distinct modes of protein-induced bending in {DNA}},
  author={El Hassan, MA and Calladine, CR},
  journal={{Journal of Molecular Biology}},
  volume={282},
  number={2},
  pages={331--343},
  year={1998},
  publisher={Elsevier}
}

@book{vella1994molecular,
  title={{Molecular biology of the cell}},
  author={Vella, F},
  year={1994},
  publisher={{Wiley Online Library}}
}

@article{tisdale1991mutations,
  title={Mutations within the {RNase H} domain of human immunodeficiency virus type 1 reverse transcriptase abolish virus infectivity},
  author={Tisdale, Margaret and Schulze, Thomas and Larder, Brendan A and Moelling, Karin},
  journal={{Journal of General Virology}},
  volume={72},
  number={1},
  pages={59--66},
  year={1991},
  publisher={{Microbiology Society}
}}

@article{alberts2003molecular,
  title={Molecular biology of the cell},
  author={Alberts, Bruce and Johnson, Alexander and Lewis, Julian and Raff, Martin and Roberts, Keith and Walter, Peter and others},
  journal={{Scandinavian Journal of Rheumatology}},
  volume={32},
  number={2},
  pages={125--125},
  year={2003},
  publisher={SCANDINAVIAN UNIV PRESS}
}

@article{nekludova1994distinctive,
  title={Distinctive {DNA} conformation with enlarged major groove is found in {Zn-finger-DNA} and other protein-{DNA} complexes},
  author={Nekludova, Lena and Pabo, Carl O},
  journal={{Proceedings of the National Academy of Sciences}},
  volume={91},
  number={15},
  pages={6948--6952},
  year={1994},
  publisher={National Acad Sciences}
}

@article{szyperski1999nmr,
  title={ {NMR}  structure of the chimeric hybrid duplex {r(gcaguggc)⋅r(gcca)d(CTGC)} comprising the {tRNA-DNA}  junction formed during initiation of {HIV}-1 reverse transcription},
  author={Szyperski, Thomas and G{\"o}tte, Matthias and Billeter, Martin and Perola, Emanuele and Cellai, Luciano and Heumann, Hermann and W{\"u}thrich, Kurt},
  journal={{Journal of Biomolecular NMR}},
  volume={13},
  number={4},
  pages={343--355},
  year={1999},
  publisher={Springer}
}

@article{fedoroff1997solution,
  title={Solution structure sf {r(gaggacug):d(CAGTCCTC)} hybrid: implications for the initiation of {HIV}--1(+)--strand synthesis},
  author={Fedoroff, Oleg Yu and Ge, Ying and Reid, Brian R},
  journal={{Journal of Molecular Biology}},
  volume={269},
  number={2},
  pages={225--239},
  year={1997},
  publisher={Elsevier}
}
@article{kratky1949,
  title={R{\"o}ntgenuntersuchung gel{\"o}ster fadenmolek{\"u}le},
  author={Kratky, Otto and Porod, G{\"u}nther},
  journal={{Recueil des Travaux Chimiques des Pays-Bas}},
  volume={68},
  number={12},
  pages={1106--1122},
  year={1949},
  publisher={Wiley Online Library}
}
@article{trifonov1987dna,
  title={{DNA} bending and curvature},
  author={Trifonov, EN and Tan, RKZ and Harvey, SC and others},
  journal={{Structure and Expression}},
  pages={243--253},
  year={1987}
}

@book{adams2012biochemistry,
  title={The biochemistry of the nucleic acids},
  author={Adams, Roger L},
  year={2012},
  publisher={{Springer Science and Business Media}}
}

@article{shaw2008recognition,
  title={Recognition of the unique structure of {DNA:RNA} hybrids},
  author={Shaw, Nicholas N and Arya, Dev P},
  journal={Biochimie},
  volume={90},
  number={7},
  pages={1026--1039},
  year={2008},
  publisher={Elsevier}
}

@article{brambati2020dark,
  title={The dark side of {RNA:DNA} hybrids},
  author={Brambati, Alessandra and Zardoni, Luca and Nardini, Eleonora and Pellicioli, Achille and Liberi, Giordano},
  journal={{Mutation Research/Reviews in Mutation Research}},
  volume={784},
  pages={108300},
  year={2020},
  publisher={Elsevier}
}
@article{brooks1983charmm,
  title={{CHARMM}: a program for macromolecular energy, minimization, and dynamics calculations},
  author={Brooks, Bernard R and Bruccoleri, Robert E and Olafson, Barry D and States, David J and Swaminathan, S a and Karplus, Martin},
  journal={{Journal of Computational Chemistry}},
  volume={4},
  number={2},
  pages={187--217},
  year={1983},
  publisher={Wiley Online Library}
}

@article{brooks2009charmm,
  title={{CHARMM}: the biomolecular simulation program},
  author={Brooks, Bernard R and Brooks III, Charles L and Mackerell Jr, Alexander D and Nilsson, Lennart and Petrella, Robert J and Roux, Beno{\^\i}t and Won, Youngdo and Archontis, Georgios and Bartels, Christian and Boresch, Stefan and others},
  journal={{Journal of Computational Chemistry}},
  volume={30},
  number={10},
  pages={1545--1614},
  year={2009},
  publisher={Wiley Online Library}
}

@article{mandal2004gene,
  title={Gene regulation by riboswitches},
  author={Mandal, Maumita and Breaker, Ronald R},
  journal={{Nature Reviews Molecular Cell Biology}},
  volume={5},
  number={6},
  pages={451--463},
  year={2004},
  publisher={Nature Publishing Group}
}


@article{tolbert2010major,
  title={Major groove width variations in {RNA} structures determined by {NMR} and impact of {13C} residual chemical shift anisotropy and 1{H}--13{C} residual dipolar coupling on refinement},
  author={Tolbert, Blanton S and Miyazaki, Yasuyuki and Barton, Shawn and Kinde, Benyam and Starck, Patrice and Singh, Rashmi and Bax, Ad and Case, David A and Summers, Michael F},
  journal={{Journal of biomolecular NMR}},
  volume={47},
  number={3},
  pages={205--219},
  year={2010},
  publisher={Springer}
}
No definition found.
Search the web for "tolbert2010major" »


@book{vsponer2006computational,
  title={Computational Studies of {RNA} and {DNA}},
  author={{\v{S}}poner, Jir{\'\i} and Lanka{\v{s}}, Filip},
  volume={2},
  year={2006},
  publisher={{Springer Science and Business Media}}
}

@inproceedings{levitt1983computer,
  title={Computer simulation of {DNA} double-helix dynamics},
  author={Levitt, M},
  booktitle={Cold Spring Harbor symposia on quantitative biology},
  volume={47},
  pages={251--262},
  year={1983},
  organization={Cold Spring Harbor Laboratory Press}
}

@article{lankas2012modelling,
  title={Modelling nucleic acid structure and flexibility: from atomic to mesoscopic scale},
  author={Lankas, FILIP and Schlick, T},
  journal={{Innovations in Biomolecular Modeling and Simulations: Volume 2}},
  pages={1},
  year={2012},
  publisher={Royal Society of Chemistry}
}

@article{sherman2004precisely,
  title={A precisely controlled {DNA} biped walking device},
  author={Sherman, William B and Seeman, Nadrian C},
  journal={{Nano Letters}},
  volume={4},
  number={7},
  pages={1203--1207},
  year={2004},
  publisher={ACS Publications}
}

@article{lankavs2009parameterization,
  title={On the parameterization of rigid base and basepair models of {DNA} from molecular dynamics simulations},
  author={Lanka{\v{s}}, F and Gonzalez, Oscar and Heffler, LM and Stoll, G and Moakher, M and Maddocks, John H},
  journal={{Physical Chemistry Chemical Physics}},
  volume={11},
  number={45},
  pages={10565--10588},
  year={2009},
  publisher={Royal Society of Chemistry}
}

@article{schneider2004rna,
  title={{RNA} conformational classes},
  author={Schneider, Bohdan and Mor{\'a}vek, Zden{\v{e}}k and Berman, Helen M},
  journal={{Nucleic Acids Research}},
  volume={32},
  number={5},
  pages={1666--1677},
  year={2004},
  publisher={Oxford University Press}
}


@article{bertrand1998flexibility,
  title={Flexibility of the {B-DNA} backbone: effects of local and neighbouring sequences on pyrimidine-purine steps},
  author={Bertrand, H-O and Fermandjian, S and Ha-Duong, T and Hartmann, B},
  journal={{Nucleic Acids Research}},
  volume={26},
  number={5},
  pages={1261--1267},
  year={1998},
  publisher={Oxford University Press}
}

@article{schneider1997conformations,
  title={Conformations of the sugar-phosphate backbone in helical {DNA} crystal structures},
  author={Schneider, Bohdan and Neidle, Stephen and Berman, Helen M},
  journal={{Biopolymers: Original Research on Biomolecules}},
  volume={42},
  number={1},
  pages={113--124},
  year={1997},
  publisher={Wiley Online Library}
}

@article{stofer1994measuring,
  title={Measuring the geometry of {DNA} grooves},
  author={Stofer, E and Lavery, R},
  journal={{Biopolymers: Original Research on Biomolecules}},
  volume={34},
  number={3},
  pages={337--346},
  year={1994},
  publisher={Wiley Online Library}
}

@article{lavery1989defining,
  title={Defining the structure of irregular nucleic acids: conventions and principles},
  author={Lavery, Richard and Sklenar, Heinz},
  journal={{Journal of Biomolecular Structure and Dynamics}},
  volume={6},
  number={4},
  pages={655--667},
  year={1989},
  publisher={Taylor \& Francis}
}

@article{stofer1994measuring,
  title={Measuring the geometry of {DNA} grooves},
  author={Stofer, E and Lavery, R},
  journal={{Biopolymers: Original Research on Biomolecules}},
  volume={34},
  number={3},
  pages={337--346},
  year={1994},
  publisher={Wiley Online Library}
}


@article{lavery1988definition,
  title={The definition of generalized helicoidal parameters and of axis curvature for irregular nucleic acids},
  author={Lavery, Richard and Sklenar, Heinz},
  journal={{Journal of Biomolecular Structure and Dynamics}},
  volume={6},
  number={1},
  pages={63--91},
  year={1988},
  publisher={Taylor \& Francis}
}

@article{thiruganam2010automatic,
	title={Automatic defect detection and counting in radiographic weldment images},
	author={Thiruganam, Mythili and Anouncia, S Margret and Kantipudi, Sachin},
	journal={{International Journal of Computer Applications}},
	volume={10},
	number={2},
	pages={1--5},
	year={2010},
	publisher={Citeseer}
}

@article{maedche2001ontology,
  title={Ontology learning for the semantic web},
  author={Maedche, Alexander and Staab, Steffen},
  journal={{IEEE Intelligent Systems}},
  volume={16},
  number={2},
  pages={72--79},
  year={2001},
  publisher={IEEE}
}

@article{duzdevich2014dna,
  title={{DNA} dynamics and single-molecule biology},
  author={Duzdevich, Daniel and Redding, Sy and Greene, Eric C},
  journal={{Chemical Reviews}},
  volume={114},
  number={6},
  pages={3072--3086},
  year={2014},
  publisher={ACS Publications}
}

@book{kothari2004research,
  title={Research methodology: Methods and techniques},
  author={Kothari, Chakravanti Rajagopalachari},
  year={2004},
  publisher={{New Age International Publications}}
}


@book{gilbarg2015elliptic,
  title={Elliptic partial differential equations of second order},
  author={Gilbarg, David and Trudinger, Neil S},
  year={2015},
  publisher={{Springer Publications}}
}

@article{roe2013ptraj,
  title={{PTRAJ and CPPTRAJ}: software for processing and analysis of molecular dynamics trajectory data},
  author={Roe, Daniel R and Cheatham III, Thomas E},
  journal={{Journal of Chemical Theory and Computation}},
  volume={9},
  number={7},
  pages={3084--3095},
  year={2013},
  publisher={ACS Publications}
}

@article{roe2018parallelization,
  title={Parallelization of {CPPTRAJ} enables large scale analysis of molecular dynamics trajectory data},
  author={Roe, Daniel R and Cheatham III, Thomas E},
  year={2018},
  volume={39},
  number={25},
  pages={2110--2117},
  journal={{Journal of Computational Chemistry}},
  publisher={Wiley Online Library}
}

@inproceedings{doan2002learning,
  title={Learning to map between ontologies on the semantic web},
  author={Doan, AnHai and Madhavan, Jayant and Domingos, Pedro and Halevy, Alon},
  booktitle={Proceedings of the $11^{th}$ international conference on World Wide Web},
  pages={662--673},
  year={2002},
  organization={ACM}
}

@inproceedings{goethals2003fimi,
  title={Workshop on frequent itemset mining implementations},
  author={Goethals, Bart and Zaki, Mohammed J},
  booktitle={Third IEEE International Conference on Data Mining Workshop on Frequent Itemset Mining Implementations},
  pages={1--13},
  year={2003}
}

@book{sayood2012introduction,
  title={Introduction to data compression},
  author={Sayood, Khalid},
  year={2012},
	publisher={Newnes}
}

@article{wang2002universal,
  title={A universal image quality index},
  author={Wang, Zhou and Bovik, Alan C},
  journal={Signal Processing Letters, IEEE},
  volume={9},
  number={3},
  pages={81--84},
  year={2002},
	doi={10.1109/97.995823}, 
  publisher={IEEE}
}

@article{wang2004image,
  title={Image quality assessment: from error visibility to structural similarity},
  author={Wang, Zhou and Bovik, Alan C and Sheikh, Hamid R and Simoncelli, Eero P},
  journal={Image Processing, IEEE Transactions on},
  volume={13},
  number={4},
  pages={600--612},
  year={2004},
	doi={10.1109/TIP.2003.819861}, 
  publisher={IEEE}
}

@inproceedings{lewis1995fast,
  title={Fast normalized cross-correlation},
  author={Lewis, JP},
  booktitle={Vision interface},
  volume={10(1)},
  pages={120--123},
  year={1995},
	doi={10.1.1.21.6062}
}

@article{loong2003understanding,
  title={Understanding sensitivity and specificity with the right side of the brain},
  author={Loong, Tze-Wey},
  journal={BMJ: British Medical Journal},
  volume={327},
  number={7417},
  pages={716},
  year={2003},
  publisher={BMJ Group}
}

@article{eskicioglu1995image,
  title={Image quality measures and their performance},
  author={Eskicioglu, Ahmet M and Fisher, Paul S},
  journal={Communications, IEEE Transactions on},
  volume={43},
  number={12},
  pages={2959--2965},
  year={1995},
  publisher={IEEE}
}

@inproceedings{thung2009survey,
  title={A survey of image quality measures},
  author={Thung, Kim-Han and Raveendran, Paramesran},
  booktitle={Technical Postgraduates (TECHPOS), 2009 International Conference for},
  pages={1--4},
  year={2009},
  organization={IEEE}
}

@article{sheikh2005information,
  title={Information theoretic approaches to image quality assessment},
  author={Sheikh, HR and Bovik, AC},
  journal={Bovik, AC Handbook of Image and Video Processing. Elsevier},
  year={2005}
}

@article{powers2011evaluation,
  title={Evaluation: from precision, recall and F-measure to ROC, informedness, markedness and correlation},
  author={Powers, David Martin},
  year={2011},
  publisher={Bioinfo Publications}
}

@article{stehman1997selecting,
  title={Selecting and interpreting measures of thematic classification accuracy},
  author={Stehman, Stephen V},
  journal={Remote sensing of Environment},
  volume={62},
  number={1},
  pages={77--89},
  year={1997},
  publisher={Elsevier}
}

@article{altman1994diagnostic,
  title={Diagnostic tests. 1: Sensitivity and specificity.},
  author={Altman, Douglas G and Bland, J Martin},
  journal={BMJ: British Medical Journal},
  volume={308},
  number={6943},
  pages={1552},
  year={1994},
  publisher={BMJ Group}
}

@misc{gonzalez2002digital,
  title={Digital image processing},
  author={Gonzalez, Rafael C and Woods, Richard E},
  year={2002},
  publisher={Prentice hall Upper Saddle River, NJ:}
}

@article{sengee2010image,
  title={Image contrast enhancement using bi-histogram equalization with neighborhood metrics},
  author={Sengee, Nyamlkhagva and Sengee, Altansukh and Choi, Heung-Kook},
  journal={Consumer Electronics, IEEE Transactions on},
  volume={56},
  number={4},
  pages={2727--2734},
  year={2010},
  publisher={IEEE}
}

@inproceedings{patel2014comparative,
  title={Comparative analysis of Histogram Equalization techniques},
  author={Patel, Surabhi and Goswami, Mausumi},
  booktitle={Contemporary Computing and Informatics (IC3I), 2014 International Conference on},
  pages={167--168},
  year={2014},
  organization={IEEE}
}

@article{raju2013comparative,
  title={A comparative analysis of histogram equalization based techniques for contrast enhancement and brightness preserving},
  author={Raju, A and others},
  year={2013},
  publisher={Citeseer}
}

@book{schalkoff1989digital,
  title={Digital image processing and computer vision},
  author={Schalkoff, Robert J},
  volume={286},
  year={1989},
  publisher={Wiley New York}
}

@inproceedings{zuiderveld1994contrast,
  title={Contrast limited adaptive histogram equalization},
  author={Zuiderveld, Karel},
  booktitle={Graphics gems IV},
  pages={474--485},
  year={1994},
  organization={Academic Press Professional, Inc.}
}

@article{kim1997contrast,
  title={Contrast enhancement using brightness preserving bi-histogram equalization},
  author={Kim, Yeong-Taeg},
  journal={Consumer Electronics, IEEE Transactions on},
  volume={43},
  number={1},
  pages={1--8},
  year={1997},
  publisher={IEEE}
}

@techreport{ambermanual,
title = "Amber 2021: Reference Manual",
author = "Case, David A., and others",
year = "2021",
month = jun,
day = "13",
language = "English",
publisher = "University of California Press",
address = "United States",
type = "WorkingPaper",
institution = "University of California Press",
}

@article{spce,
  title={The missing term in effective pair potentials},
  author={Berendsen, HJC and Grigera, JR and Straatsma, TP},
  journal={{Journal of Physical Chemistry}},
  volume={91},
  number={24},
  pages={6269--6271},
  year={1987},
  publisher={ACS Publications}
}
@article{dang1995mechanism,
  title={Mechanism and thermodynamics of ion selectivity in aqueous solutions of 18-crown-6 ether: a molecular dynamics study},
  author={Dang, Liem X},
  journal={{Journal of the American Chemical Society}},
  volume={117},
  number={26},
  pages={6954--6960},
  year={1995},
  publisher={ACS Publications}
}
@article{hognon2019cooperative,
  title={Cooperative effects of cytosine methylation on {DNA} structure and dynamics},
  author={Hognon, C{\'e}cilia and Besancenot, Vanessa and Gruez, Arnaud and Grandemange, Stephanie and Monari, Antonio},
  journal={{The Journal of Physical Chemistry B}},
  volume={123},
  number={34},
  pages={7365--7371},
  year={2019},
  publisher={ACS Publications}
}
@article{wang1999image,
  title={Image enhancement based on equal area dualistic sub-image histogram equalization method},
  author={Wang, Yu and Chen, Qian and Zhang, Baomin},
  journal={Consumer Electronics, IEEE Transactions on},
  volume={45},
  number={1},
  pages={68--75},
  year={1999},
  publisher={IEEE}
}

@article{chen2003minimum,
  title={Minimum mean brightness error bi-histogram equalization in contrast enhancement},
  author={Chen, Soong-Der and Ramli, Abd Rahman},
  journal={Consumer Electronics, IEEE Transactions on},
  volume={49},
  number={4},
  pages={1310--1319},
  year={2003},
  publisher={IEEE}
}

@article{chen2003contrast,
  title={Contrast enhancement using recursive mean-separate histogram equalization for scalable brightness preservation},
  author={Chen, Soong-Der and Ramli, Abd Rahman},
  journal={{IEEE Transactions on Consumer Electronics}},
  volume={49},
  number={4},
  pages={1301--1309},
  year={2003},
  publisher={IEEE}
}

@article{sim2007recursive,
  title={Recursive sub-image histogram equalization applied to gray scale images},
  author={Sim, KS and Tso, CP and Tan, YY},
  journal={Pattern Recognition Letters},
  volume={28},
  number={10},
  pages={1209--1221},
  year={2007},
  publisher={Elsevier}
}

@article{menotti2007multi,
  title={Multi-histogram equalization methods for contrast enhancement and brightness preserving},
  author={Menotti, David and Najman, Laurent and Facon, Jacques and De Araujo, AA},
  journal={Consumer Electronics, IEEE Transactions on},
  volume={53},
  number={3},
  pages={1186--1194},
  year={2007},
  publisher={IEEE}
}

@article{zuo2013range,
  title={Range limited bi-histogram equalization for image contrast enhancement},
  author={Zuo, Chao and Chen, Qian and Sui, Xiubao},
  journal={Optik-International Journal for Light and Electron Optics},
  volume={124},
  number={5},
  pages={425--431},
  year={2013},
  publisher={Elsevier}
}

@article{wang2006real,
  title={A real-time contrast enhancement algorithm for infrared images based on plateau histogram},
  author={Wang, Bing-jian and Liu, Shang-Qian and Li, Qing and Zhou, Hui-Xin},
  journal={Infrared Physics \& Technology},
  volume={48},
  number={1},
  pages={77--82},
  year={2006},
  publisher={Elsevier}
}

@article{vickers1996plateau,
  title={Plateau equalization algorithm for real-time display of high-quality infrared imagery},
  author={Vickers, Virgil E},
  journal={Optical engineering},
  volume={35},
  number={7},
  pages={1921--1926},
  year={1996},
  publisher={International Society for Optics and Photonics}
}

@article{song2008new,
  title={New enhancement algorithm for infrared image based on double plateaus histogram [J]},
  author={Song, Yan-feng and Shao, Xiao-peng and Xu, Jun},
  journal={Infrared and Laser Engineering},
  volume={2},
  pages={029},
  year={2008}
}

@article{lin2011approach,
  title={An approach to adaptive infrared image enhancement for long-range surveillance},
  author={Lin, Chih-Lung},
  journal={Infrared Physics \& Technology},
  volume={54},
  number={2},
  pages={84--91},
  year={2011},
  publisher={Elsevier}
}

@inproceedings{deshpande1999max,
  title={Max-mean and max-median filters for detection of small targets},
  author={Deshpande, Suyog D and Meng, H Er and Venkateswarlu, Ronda and Chan, Philip},
  booktitle={SPIE's International Symposium on Optical Science, Engineering, and Instrumentation},
  pages={74--83},
  year={1999},
  organization={International Society for Optics and Photonics}
}

@article{hadhoud1988two,
  title={The two-dimensional adaptive LMS (TDLMS) algorithm},
  author={Hadhoud, Mohiy M and Thomas, David W},
  journal={Circuits and Systems, IEEE Transactions on},
  volume={35},
  number={5},
  pages={485--494},
  year={1988},
  publisher={IEEE}
}

@book{haralock1991computer,
  title={Computer and robot vision},
  author={Haralock, Robert M and Shapiro, Linda G},
  year={1991},
  publisher={Addison-Wesley Longman Publishing Co., Inc.}
}

@article{ashiba2008homomorphic,
  title={Homomorphic enhancement of infrared images using the additive wavelet transform},
  author={Ashiba, Huda Ibrahim and Awadalla, Kamal Hassan and El-Halfawy, Said Mohammad and Abd El-Samie, Fathi El-Sayed},
  journal={Progress In Electromagnetics Research C},
  volume={1},
  pages={123--130},
  year={2008},
  publisher={EMW Publishing}
}

@article{zhao2011fuzzy,
  title={The fuzzy nonlinear enhancement algorithm of infrared image based on curvelet transform},
  author={Zhao, Jingchao and Qu, Shiru},
  journal={Procedia Engineering},
  volume={15},
  pages={3754--3758},
  year={2011},
  publisher={Elsevier}
}

@book{dougherty2003hands,
  title={Hands-on morphological image processing},
  author={Dougherty, Edward R and Lotufo, Roberto A and The International Society for Optical Engineering SPIE},
  volume={71},
  year={2003},
  publisher={SPIE press Bellingham}
}

@book{serra1983image,
  title={Image analysis and mathematical morphology},
  author={Serra, Jean},
  year={1983},
  publisher={Academic Press, Inc.}
}

@article{bai2010enhancement,
  title={Enhancement of dim small target through modified top-hat transformation under the condition of heavy clutter},
  author={Bai, Xiangzhi and Zhou, Fugen and Jin, Ting},
  journal={Signal Processing},
  volume={90},
  number={5},
  pages={1643--1654},
  year={2010},
  publisher={Elsevier}
}

@article{bai2010analysis,
  title={Analysis of new top-hat transformation and the application for infrared dim small target detection},
  author={Bai, Xiangzhi and Zhou, Fugen},
  journal={Pattern Recognition},
  volume={43},
  number={6},
  pages={2145--2156},
  year={2010},
  publisher={Elsevier}
}

@article{bai2011infrared,
  title={Infrared image enhancement through contrast enhancement by using multiscale new top-hat transform},
  author={Bai, Xiangzhi and Zhou, Fugen and Xue, Bindang},
  journal={Infrared Physics \& Technology},
  volume={54},
  number={2},
  pages={61--69},
  year={2011},
  publisher={Elsevier}
}

@article{bai2013multiscale,
  title={Multiscale top-hat selection transform based infrared and visual image fusion with emphasis on extracting regions of interest},
  author={Bai, Xiangzhi and Chen, Xiaowu and Zhou, Fugen and Liu, Zhaoying and Xue, Bindang},
  journal={Infrared Physics \& Technology},
  volume={60},
  pages={81--93},
  year={2013},
  publisher={Elsevier}
}

@article{oliveira2008multiscale,
  title={A multiscale directional operator and morphological tools for reconnecting broken ridges in fingerprint images},
  author={Oliveira, MA and Leite, Neucimar Jer{\^o}nimo},
  journal={Pattern Recognition},
  volume={41},
  number={1},
  pages={367--377},
  year={2008},
  publisher={Elsevier}
}
@inproceedings{achanta2009frequency,
  title={Frequency-tuned salient region detection},
  author={Achanta, Ravi and Hemami, Sheila and Estrada, Francisco and Susstrunk, Sabine},
  booktitle={Computer vision and pattern recognition, 2009. cvpr 2009. ieee conference on},
  pages={1597--1604},
  year={2009},
  organization={IEEE}
}

@article{zhao2014fast,
  title={Fast image enhancement using multi-scale saliency extraction in infrared imagery},
  author={Zhao, Jufeng and Chen, Yueting and Feng, Huajun and Xu, Zhihai and Li, Qi},
  journal={Optik-International Journal for Light and Electron Optics},
  volume={125},
  number={15},
  pages={4039--4042},
  year={2014},
  publisher={Elsevier}
}

@article{negied2015pedestrians,
  title={Pedestrians’ detection in thermal bands--Critical survey},
  author={Negied, Nermin K and Hemayed, Elsayed E and Fayek, Magda B},
  journal={Journal of Electrical Systems and Information Technology},
  volume={2},
  number={2},
  pages={141--148},
  year={2015},
  publisher={Elsevier}
}

@article{bai2011survey,
  title={Survey on dim small target detection in clutter background: wavelet, inter-frame and filter based algorithms},
  author={Bai, Xiangzhi and Zhang, Shan and Du, Binbin and Liu, Zhaoying and Jin, Ting and Xue, Bindang and Zhou, Fugen},
  journal={Procedia Engineering},
  volume={15},
  pages={479--483},
  year={2011},
  publisher={Elsevier}
}

@article{geronimo2010survey,
  title={Survey of pedestrian detection for advanced driver assistance systems},
  author={Geronimo, David and Lopez, Antonio M and Sappa, Angel D and Graf, Thorsten},
  journal={Pattern Analysis and Machine Intelligence, IEEE Transactions on},
  volume={32},
  number={7},
  pages={1239--1258},
  year={2010},
  publisher={IEEE}
}

@inproceedings{askar2002background,
  title={Background clutter suppression and dim moving point targets detection using nonparametric method},
  author={Askar, H and Li, Xiaofeng and Li, Xiaofeng},
  booktitle={Communications, Circuits and Systems and West Sino Expositions, IEEE 2002 International Conference on},
  volume={2},
  pages={982--986},
	year={2002},
  organization={IEEE}
}

@article{zhao2015robust,
  title={Robust pedestrian detection in thermal infrared imagery using a shape distribution histogram feature and modified sparse representation classification},
  author={Zhao, Xinyue and He, Zaixing and Zhang, Shuyou and Liang, Dong},
  journal={Pattern Recognition},
  volume={48},
  number={6},
  pages={1947--1960},
  year={2015},
  publisher={Elsevier}
}

@inproceedings{li2011skrwm,
  title={SKRWM based descriptor for pedestrian detection in thermal images},
  author={Li, Zelin and Wu, Qiang and Zhang, Jian and Geers, Glenn},
  booktitle={Multimedia Signal Processing (MMSP), 2011 IEEE 13th International Workshop on},
  pages={1--6},
  year={2011},
  organization={IEEE}
}

@article{heikkila2006texture,
  title={A texture-based method for modeling the background and detecting moving objects},
  author={Heikkil{\"a}, Marko and Pietik{\"a}inen, Matti},
  journal={Pattern Analysis and Machine Intelligence, IEEE Transactions on},
  volume={28},
  number={4},
  pages={657--662},
  year={2006},
  publisher={IEEE}
}

@inproceedings{li2012effective,
  title={An effective approach to pedestrian detection in thermal imagery},
  author={Li, Wei and Zheng, Dequan and Zhao, Tiejun and Yang, Mengda},
  booktitle={Natural Computation (ICNC), 2012 Eighth International Conference on},
  pages={325--329},
  year={2012},
  organization={IEEE}
}


@article{zhao2013real,
  title={Real-time automatic small target detection using saliency extraction and morphological theory},
  author={Zhao, Jufeng and Feng, Huajun and Xu, Zhihai and Li, Qi and Peng, Hai},
  journal={Optics \& Laser Technology},
  volume={47},
  pages={268--277},
  year={2013},
  publisher={Elsevier}
}

@article{mouliadaptive,
  title={An Adaptive Pedestrian Detection in Infrared Images based on Saliency Map},
  author={Mouli, PVSSR Chandra and Bothra, Nandita},
	pages={119--125},
  year={2014},
  publisher={Elsevier}
}

@inproceedings{davis2005two,
  title={A two-stage template approach to person detection in thermal imagery},
  author={Davis, James W and Keck, Mark A},
  booktitle={null},
  pages={364--369},
  year={2005},
  organization={IEEE}
}

@article{yoo2014scale,
  title={Scale-invariant template matching using histogram of dominant gradients},
  author={Yoo, Jisung and Hwang, Sung Soo and Kim, Seong Dae and Ki, Myung Seok and Cha, Jihun},
  journal={Pattern Recognition},
  volume={47},
  number={9},
  pages={3006--3018},
  year={2014},
  publisher={Elsevier}
}

@article{liu2012infrared,
  title={Infrared point target detection with improved template matching},
  author={Liu, Ruiming and Lu, Yanhong and Gong, Chenglong and Liu, Yang},
  journal={Infrared Physics \& Technology},
  volume={55},
  number={4},
  pages={380--387},
  year={2012},
  publisher={Elsevier}
}

@article{wang2009infrared,
  title={Infrared small target detection using directional highpass filters based on LS-SVM},
  author={Wang, Peng and Tian, JW and Gao, Ch Q},
  journal={Electronics letters},
  volume={45},
  number={3},
  pages={156--158},
  year={2009},
  publisher={IET}
}

@article{bae2011small,
  title={Small target detection using bilateral filter and temporal cross product in infrared images},
  author={Bae, Tae-Wuk},
  journal={Infrared Physics \& Technology},
  volume={54},
  number={5},
  pages={403--411},
  year={2011},
  publisher={Elsevier}
}

@article{shao2012improved, 
  title={An improved infrared dim and small target detection algorithm based on the contrast mechanism of human visual system},
  author={Shao, Xiaopeng and Fan, Hua and Lu, Guangxu and Xu, Jun},
  journal={Infrared Physics \& Technology},
  volume={55},
  number={5},
  pages={403--408},
  year={2012},
  publisher={Elsevier}
}

@article{bai2010infrared,
  title={Infrared small target enhancement and detection based on modified top-hat transformations},
  author={Bai, Xiangzhi and Zhou, Fugen},
  journal={Computers \& Electrical Engineering},
  volume={36},
  number={6},
  pages={1193--1201},
  year={2010},
  publisher={Elsevier}
}


@article{davis2007background,
  title={Background-subtraction using contour-based fusion of thermal and visible imagery},
  author={Davis, James W and Sharma, Vinay},
  journal={Computer Vision and Image Understanding},
  volume={106},
  number={2},
  pages={162--182},
  year={2007},
  publisher={Elsevier}
}

@article{miezianko2005terravic,
  title={Terravic research infrared database},
  author={Miezianko, Roland},
  journal={IEEE OTCBVS WS Series Bench. IEEE},
  year={2005}
}

@inproceedings{rajkumar2015pedestrian,
  title={Pedestrian detection in infrared images using local thresholding},
  author={Rajkumar, S and Mouli, PVSSR},
  booktitle={Electronics and Communication Systems (ICECS), 2015 2nd International Conference on},
  pages={259--263},
  year={2015},
  organization={IEEE}
}

@misc{davis2007otcbvs,
  title={OTCBVS benchmark dataset collection},
  author={Davis, James W and Sharma, V},
  journal={2007)[2009]. http://www. cse. ohio-state. edu/otcbvs-bench},
  year={2007}
}

@article{pal1981image,
  title={Image enhancement using smoothing with fuzzy sets},
  author={Pal, Sankar K and King, R and others},
  journal={IEEE TRANS. SYS., MAN, AND CYBER.},
  volume={11},
  number={7},
  pages={494--500},
	doi={10.1109/TSMC.1981.4308726},
  year={1981}
}

@article{hanmandlu1996new,
  title={A new fuzzy logic based image enhancement.},
  author={Hanmandlu, M and Tandon, SN and Mir, AH},
  journal={Biomedical sciences instrumentation},
  volume={33},
  pages={590--595},
  year={1996}
}

@article{hassanien2003comparative,
  title={A comparative study on digital mamography enhancement algorithms based on fuzzy theory},
  author={Hassanien, Aboul Ella and Badr, Amr},
  journal={Studies in Informatics and Control},
  volume={12},
  number={1},
  pages={21--32},
  year={2003},
  publisher={INFORMATICS AND CONTROL PUBLICATIONS}
}

@article{rangasamyrole,
  title={Role of fuzzy and intuitionistic fuzzy contrast intensification operators in enhancing images},
  author={Rangasamy, Parvathi and Kuppannan, Jayanthi and Atanassov, Krassimir T and Gluhchev, George},
  journal={Notes on Intuitionistic Fuzzy Sets},
  volume={14},
  number={2},
  pages={59--66},
  year={2008},
}

@article{ghodkeimage,
  title={Image Enhancement Using Spatial Domain Techniques and Fuzzy Intensification Factor},
  author={Ghodke, VN and Ganorkar, SR},
	journal={International Journal of Emerging Technology and Advanced Engineering},
  volume={3},
  number={10},
  pages={430--435},
  year={2013},
}

@article{wang2013target,
  title={Target detection and pedestrian recognition in infrared images},
  author={Wang, Jiabao and Zhang, Yafei and Lu, Jianjiang and Li, Yang},
  journal={Journal of Computers},
  volume={8},
  number={4},
  pages={1050--1057},
  year={2013}
}

@article{kim2009small, 
  title={Small target detection utilizing robust methods of the human visual system for IRST},
  author={Kim, Sungho and Yang, Yukyung and Lee, Joohyoung and Park, Yongchan},
  journal={Journal of Infrared, Millimeter, and Terahertz Waves},
  volume={30},
  number={9},
  pages={994--1011},
  year={2009},
  publisher={Springer}
}

@article{hosking1998moments,
  title={L-Moments},
  author={Hosking, Jonathan RM},
  journal={{Encyclopedia of Statistical Sciences}},
  year={1990},
  publisher={Wiley Online Library}
}

@article{hosking1992moments,
  title={Moments or L moments? An example comparing two measures of distributional shape},
  author={Hosking, JRM},
  journal={The American Statistician},
  volume={46},
  number={3},
  pages={186--189},
  year={1992},
  publisher={Taylor \& Francis Group}
}

@article{hosking2006characterization,
  title={On the characterization of distributions by their L-moments},
  author={Hosking, JRM},
  journal={Journal of Statistical Planning and Inference},
  volume={136},
  number={1},
  pages={193--198},
  year={2006},
  publisher={Elsevier}
}

@article{longbotham1989theory,
  title={Theory of order statistic filters and their relationship to linear FIR filters},
  author={Longbotham, Harold G and Bovik, Alan C},
  journal={Acoustics, Speech and Signal Processing, IEEE Transactions on},
  volume={37},
  number={2},
  pages={275--287},
  year={1989},
  publisher={IEEE}
}

@inproceedings{mittal2012making,
  title={Making image quality assessment robust},
  author={Mittal, Anish and Moorthy, Anush K and Bovik, Alan C},
  booktitle={Signals, Systems and Computers (ASILOMAR), 2012 Conference Record of the Forty Sixth Asilomar Conference on},
  pages={1718--1722},
  year={2012},
  organization={IEEE}
}

@article{orozco2003theoretical,
  title={Theoretical methods for the simulation of nucleic acids},
  author={Orozco, Modesto and P{\'e}rez, Alberto and Noy, Agnes and Luque, F Javier},
  journal={Chemical Society Reviews},
  volume={32},
  number={6},
  pages={350--364},
  year={2003},
  publisher={Royal Society of Chemistry}
}
@article{kelly2010epigenetic,
  title={Epigenetic modifications as therapeutic targets},
  author={Kelly, Theresa K and De Carvalho, Daniel D and Jones, Peter A},
  journal={{Nature Biotechnology}},
  volume={28},
  number={10},
  pages={1069--1078},
  year={2010},
  publisher={Nature Publishing Group}
}
@article{portela2010epigenetic,
  title={Epigenetic modifications and human disease},
  author={Portela, Anna and Esteller, Manel},
  journal={{Nature Biotechnology}},
  volume={28},
  number={10},
  pages={1057--1068},
  year={2010},
  publisher={Nature Publishing Group}
}
@article{collins2003vision,
  title={A vision for the future of genomics research},
  author={Collins, Francis S and Green, Eric D and Guttmacher, Alan E and Guyer, Mark S},
  journal={{Nature}},
  volume={422},
  number={6934},
  pages={835--847},
  year={2003},
  publisher={Nature Publishing Group}
}
@article{berger2009operational,
  title={An operational definition of epigenetics},
  author={Berger, Shelley L and Kouzarides, Tony and Shiekhattar, Ramin and Shilatifard, Ali},
  journal={{Genes and Development}},
  volume={23},
  number={7},
  pages={781--783},
  year={2009},
  publisher={Cold Spring Harbor Lab}
}
@article{kulis2010dna,
  title={{DNA} methylation and cancer},
  author={Kulis, Marta and Esteller, Manel},
  journal={{Advances in Genetics}},
  volume={70},
  pages={27--56},
  year={2010},
  publisher={Elsevier}
}
@article{da2021sequence,
  title={Sequence-dependent structural properties of {B-DNA}: what have we learned in 40 years?},
  author={Da Rosa, Gabriela and Grille, Leandro and Calzada, Victoria and Ahmad, Katya and Arcon, Juan Pablo and Battistini, Federica and Bayarri, Gen{\'\i}s and Bishop, Thomas and Carloni, Paolo and Cheatham III, Thomas and others},
  journal={{Biophysical Reviews}},
  pages={1--11},
  year={2021},
  publisher={Springer}
}

@inproceedings{jabid2010local,
  title={Local directional pattern (LDP) for face recognition},
  author={Jabid, Taskeed and Kabir, Md Hasanul and Chae, Oksam},
  booktitle={2010 Digest of Technical Papers International Conference on Consumer Electronics (ICCE)},
  year={2010}
}

@article{liu2010image,
  title={Image retrieval based on multi-texton histogram},
  author={Liu, Guang-Hai and Zhang, Lei and Hou, Ying-Kun and Li, Zuo-Yong and Yang, Jing-Yu},
  journal={{Pattern Recognition}},
  volume={43},
  number={7},
  pages={2380--2389},
  year={2010},
  publisher={Elsevier}
}

@article{liu2011image,
  title={Image retrieval based on micro-structure descriptor},
  author={Liu, Guang-Hai and Li, Zuo-Yong and Zhang, Lei and Xu, Yong},
  journal={{Pattern Recognition}},
  volume={44},
  number={9},
  pages={2123--2133},
  year={2011},
  publisher={Elsevier}
}

@article{liu2008image,
  title={Image retrieval based on the texton co-occurrence matrix},
  author={Liu, Guang-Hai and Yang, Jing-Yu},
  journal={{Pattern Recognition}},
  volume={41},
  number={12},
  pages={3521--3527},
  year={2008},
  publisher={Elsevier}
}

@article{wang2013novel,
  title={A novel method for image retrieval based on structure elements’ descriptor},
  author={Wang, Xingyuan and Wang, Zongyu},
  journal={{Journal of Visual Communication and Image Representation}},
  volume={24},
  number={1},
  pages={63--74},
  year={2013},
  publisher={Elsevier}
}

@article{lane1993nmr,
  title={{NMR} assignments and solution conformation of the {DNA}.{RNA} hybrid duplex {d(GTGAACTT).r(AAGUUCAC)}},
  author={Lane, Andrew N and Ebel, Susanne and Brown, Tom},
  journal={{European Journal of Biochemistry}},
  volume={215},
  number={2},
  pages={297--306},
  year={1993},
  publisher={Wiley Online Library}
}
@article{gao1994sequence,
  title={Sequence-dependent conformational heterogeneity of a hybrid {DNA}.{RNA} dodecamer duplex},
  author={Gao, Xiaolian and Jeffs, Peter W},
  journal={{Journal of Biomolecular NMR}},
  volume={4},
  number={3},
  pages={367--384},
  year={1994},
  publisher={Springer}
}

@article{suresh2014dna,
  title={{DNA--RNA} hybrid duplexes with decreasing pyrimidine content in the {DNA} strand provide structural snapshots for the {A-to B-form} conformational transition of nucleic acids},
  author={Suresh, Gorle and Priyakumar, U Deva},
  journal={{Physical Chemistry Chemical Physics}},
  volume={16},
  number={34},
  pages={18148--18155},
  year={2014},
  publisher={Royal Society of Chemistry}
}

@article{zimmerman1981rna,
  title={A {RNA.DNA} hybrid that can adopt two conformations: an x-ray diffraction study of poly(r{A}). poly(d{T}) in concentrated solution or in fibers},
  author={Zimmerman, Steven B and Pheiffer, Barbara H},
  journal={{Proceedings of the National Academy of Sciences}},
  volume={78},
  number={1},
  pages={78--82},
  year={1981},
  publisher={National Acad Sciences}
}
@article{roberts1992stability,
  title={Stability and properties of double and triple helices: dramatic effects of {RNA} or {DNA} backbone composition},
  author={Roberts, Richard W and Crothers, Donald M},
  journal={Science},
  volume={258},
  number={5087},
  pages={1463--1466},
  year={1992},
  publisher={American Association for the Advancement of Science}
}
@article{wang1982molecular,
  title={Molecular structure of {r(GCG)d(TATACGC)}: a {DNA--RNA} hybrid helix joined to double helical  {DNA} },
  author={Wang, Andrew H-J and Fujii, Satoshi and van Boom, Jacques H and van der Marel, Gijs A and van Boeckel, Stan AA and Rich, Alexander},
  journal={Nature},
  volume={299},
  number={5884},
  pages={601--604},
  year={1982},
  publisher={Nature Publishing Group}
}
@article{meselson1958replication,
  title={The replication of {DNA} in {Escherichia} coli},
  author={Meselson, Matthew and Stahl, Franklin W},
  journal={{Proceedings of the National Academy of Sciences}},
  volume={44},
  number={7},
  pages={671--682},
  year={1958},
  publisher={National Acad Sciences}
}
@incollection{rich1960hybrid,
  title={A hybrid helix containing both deoxyribose and ribose polynucleotides and its relation to the transfer of information between the nucleic acids},
  author={Rich, Alexander},
  booktitle={The Excitement of Discovery: Selected Papers of Alexander Rich: A Tribute to Alexander Rich},
  pages={63--72},
  year={1960},
  publisher={World Scientific}
}

@article{sarafianos2001crystal,
  title={Crystal structure of {HIV-1} reverse transcriptase in complex with a polypurine tract {RNA:DNA}},
  author={Sarafianos, Stefan G and Das, Kalyan and Tantillo, Chris and Clark, Arthur D and Ding, Jianping and Whitcomb, Jeannette M and Boyer, Paul L and Hughes, Stephen H and Arnold, Edward},
  journal={{The EMBO Journal}},
  volume={20},
  number={6},
  pages={1449--1461},
  year={2001},
  publisher={John Wiley \& Sons, Ltd}
}
@article{huang1998structure,
  title={Structure of a covalently trapped catalytic complex of {HIV}-1 reverse transcriptase: implications for drug resistance},
  author={Huang, Huifang and Chopra, Rajiv and Verdine, Gregory L and Harrison, Stephen C},
  journal={Science},
  volume={282},
  number={5394},
  pages={1669--1675},
  year={1998},
  publisher={American Association for the Advancement of Science}
}

@article{noy2008theoretical,
  title={Theoretical analysis of antisense duplexes: determinants of the {RNase H} susceptibility},
  author={Noy, Agnes and Luque, F Javier and Orozco, Modesto},
  journal={{Journal of the American Chemical Society}},
  volume={130},
  number={11},
  pages={3486--3496},
  year={2008},
  publisher={ACS Publications}
}

@article{sanghani1994theoretical,
  title={Theoretical studies of {DNA-RNA} hybrid conformations},
  author={Sanghani, Sanjay R and Lavery, Richard},
  journal={{Nucleic Acids Research}},
  volume={22},
  number={8},
  pages={1444--1449},
  year={1994},
  publisher={Oxford University Press}
}

@article{priyakumar2008atomic,
  title={Atomic Detail Investigation of the Structure and Dynamics of {DNA.RNA} Hybrids: A Molecular Dynamics Study},
  author={Priyakumar, U Deva and MacKerell, Alexander D},
  journal={{The Journal of Physical Chemistry B}},
  volume={112},
  number={5},
  pages={1515--1524},
  year={2008},
  publisher={ACS Publications}
}

@article{stein1969enzyme,
  title={Enzyme from calf thymus degrading the {RNA} moiety of {DNA-RNA} Hybrids: effect on {DNA}-dependent {RNA} polymerase},
  author={Stein, Hans and Hausen, Peter},
  journal={Science},
  volume={166},
  number={3903},
  pages={393--395},
  year={1969},
  publisher={American Association for the Advancement of Science}
}
@article{liu2019structural,
  title={Structural flexibility of  {DNA-RNA}  hybrid duplex: stretching and twist-stretch coupling},
  author={Liu, Ju-Hui and Xi, Kun and Zhang, Xi and Bao, Lei and Zhang, Xinghua and Tan, Zhi-Jie},
  journal={{Biophysical Journal}},
  volume={117},
  number={1},
  pages={74--86},
  year={2019},
  publisher={Elsevier}
}

@article{cheatham1997molecular,
  title={Molecular dynamics simulations highlight the structural differences among  {DNA:DNA} , {RNA:RNA}, and {DNA:RNA} hybrid duplexes},
  author={Cheatham, Thomas E and Kollman, Peter A},
  journal={{Journal of the American Chemical Society}},
  volume={119},
  number={21},
  pages={4805--4825},
  year={1997},
  publisher={ACS Publications}
}
@article{dubey2015rotation,
  title={Rotation and scale invariant hybrid image descriptor and retrieval},
  author={Dubey, Shiv Ram and Singh, Satish Kumar and Singh, Rajat Kumar},
  journal={Computers \& Electrical Engineering},
  year={2015},
  publisher={Elsevier}
}

@inproceedings{dalal2005histograms,
  title={Histograms of oriented gradients for human detection},
  author={Dalal, Navneet and Triggs, Bill},
  booktitle={Computer Vision and Pattern Recognition, 2005. CVPR 2005. IEEE Computer Society Conference on},
  volume={1},
  pages={886--893},
  year={2005},
  organization={IEEE}
}

@inproceedings{lv2010water,
  title={Water extraction in {SAR} images using {GLCM and Support Vector Machine}},
  author={Lv, Wentao and Yu, Qiuze and Yu, Wenxian},
  booktitle={Signal Processing (ICSP), 2010 IEEE 10th International Conference on},
  pages={740--743},
  year={2010},
  organization={IEEE}
}

@article{fang2004shape,
  title={A shape-independent method for pedestrian detection with far-infrared images},
  author={Fang, Yajun and Yamada, Keiichi and Ninomiya, Yoshiki and Horn, Berthold KP and Masaki, Ichiro},
  journal={Vehicular Technology, IEEE Transactions on},
  volume={53},
  number={6},
  pages={1679--1697},
  year={2004},
  publisher={IEEE}
}

###########lois pollack
#################
###############
################
@article{pollack1,
  title={The impact of base stacking on the conformations and electrostatics of single-stranded  {DNA-RNA} },
  author={Plumridge, A. and Meisburger, S. P. and Andresen, K. and Pollack, L.},
  journal={{Nucleic Acids Research}},
  volume={45},
  number={7},
  pages={3932--3943},
  year={2017},
  publisher={Oxford University Press}
}

@article{pollack3,
  title={Ionic strength-dependent persistence lengths of single-stranded {RNA} and {DNA}},
  author={Chen, H., Meisburger, S., Pabit, S., Sutton, J., Webb, W. , and Pollack, L.},
  journal={{Proceedings of the National Academy of Sciences}},
  volume={109},
  number={3},
  pages={799--804},
  year={2012},
  publisher={National Acad Sciences}
}

@article{kratky1949,
  title={R{\"o}ntgenuntersuchung gel{\"o}ster fadenmolek{\"u}le},
  author={Kratky, Otto and Porod, G{\"u}nther},
  journal={Recueil des Travaux Chimiques des Pays-Bas},
  volume={68},
  number={12},
  pages={1106--1122},
  year={1949},
  publisher={Wiley Online Library}
}

@article{shimada1980statistical,
  title={Statistical mechanics of helical wormlike chains. {XII}. {Multivariate} distribution functions},
  author={Shimada, Jiro and Yamakawa, Hiromi},
  journal={The Journal of Chemical Physics},
  volume={73},
  number={8},
  pages={4037--4044},
  year={1980},
  publisher={American Institute of Physics}
}

@article{adhya1989multipartite,
  title={Multipartite genetic control elements: communication by {DNA} loop},
  author={Adhya, Sankar},
  journal={{Annual Review of Genetics}},
  volume={23},
  number={1},
  pages={227--250},
  year={1989},
  publisher={Annual Reviews 4139 El Camino Way, PO Box 10139, Palo Alto, CA 94303-0139, USA}
}

@article{pollack2,
  title={Polyelectrolyte properties of single stranded {DNA} measured using {SAXS} and single-molecule {FRET}: Beyond the wormlike chain model},
  author={Meisburger, Steve P and Sutton, Julie L and Chen, Huimin and Pabit, Suzette A and Kirmizialtin, Serdal and Elber, Ron and Pollack, Lois},
  journal={Biopolymers},
  volume={99},
  number={12},
  pages={1032--1045},
  year={2013},
  publisher={Wiley Online Library}
}
@article{crysol,
  title={{CRYSOL}--a program to evaluate {X-ray} solution scattering of biological macromolecules from atomic coordinates},
  author={Svergun, D. and Barberato, C. and Koch, M.},
  journal={Journal of applied crystallography},
  volume={28},
  number={6},
  pages={768--773},
  year={1995},
  publisher={International Union of Crystallography}
}

@article{saxssoftware,
  title={Improved fitting of solution {X-ray} scattering data to macromolecular structures and structural ensembles by explicit water modeling},
  author={Grishaev, A. and Guo, L., Irving, T. and Bax, A.},
  journal={{Journal of the American Chemical Society}},
  volume={132},
  number={44},
  pages={15484--15486},
  year={2010},
  publisher={ACS Publications}
}

@article{cycle1,
  title={{DNA} flexibility studied by covalent closure of short fragments into circles},
  author={Shore, D. and Langowski, J. and Baldwin, R.},
  journal={{Proceedings of the National Academy of Sciences}},
  volume={78},
  number={8},
  pages={4833--4837},
  year={1981},
  publisher={National Acad Sciences}
}
@article{cycle2,
  title={Global structure and mechanical properties of a 10-bp nucleosome positioning motif},
  author={Roychoudhury, M and Sitlani, A and Lapham, J and Crothers, DM},
  journal={{Proceedings of the National Academy of Sciences}},
  volume={97},
  number={25},
  pages={13608--13613},
  year={2000},
  publisher={National Acad Sciences}
}
@article{optical1,
  title={Direct mechanical measurements of the elasticity of single {DNA} molecules by using magnetic beads},
  author={Smith, S. and Finzi, L. and Bustamante, C.},
  journal={Science},
  volume={258},
  number={5085},
  pages={1122--1126},
  year={1992},
  publisher={American Association for the Advancement of Science}
}

##################
##################
##################
###############
@article{curveplus,
  title={Conformational analysis of nucleic acids revisited: {Curves+}},
  author={Lavery, R. and Moakher, M., Maddocks, J. H., Petkeviciute, D and Zakrzewska, K.},
  journal={{Nucleic Acids Research}},
  volume={37},
  number={17},
  pages={5917--5929},
  year={2009},
  publisher={Oxford University Press}
}

@article{xraydata,
  title={{DNA} sequence-dependent deformability deduced from protein--{DNA} crystal complexes},
  author={Olson, W. K., and Gorin, A. A. and Lu, X. J. and Hock, L. M. and Zhurkin, V. B.},
  journal={{Proceedings of the National Academy of Sciences}},
  volume={95},
  number={19},
  pages={11163--11168},
  year={1998},
  publisher={National Acad Sciences}
}

#################### cryo-em ##########
#######################
#########################
########################
#########################

@article{cryoem,
  title={Determination of {DNA} persistence length by cryo-electron microscopy. {Separation} of the static and dynamic contributions to the apparent persistence length of {DNA}},
  author={Bednar, J., and Furrer, P., and Katritch, V., and Stasiak, A., and Dubochet, J., and Stasiak, A.},
  journal={{Journal of Molecular Biology}},
  volume={254},
  number={4},
  pages={579--594},
  year={1995},
  publisher={Elsevier}
}

@article{jacob3D,
  title={{3-D}  shape estimation of {DNA} molecules from stereo cryo-electron micro-graphs using a projection-steerable snake},
  author={Jacob, M., Blu, T., Vaillant, C., Maddocks, J. H. and Unser, M.},
  journal={IEEE Transactions on Image processing},
  volume={15},
  number={1},
  pages={214--227},
  year={2006},
  publisher={IEEE}
}

@article{cryoem2,
  title={Determination of the {DNA} helical repeat by cryo-electron microscopy},
  author={Dubochet, J., Bednar, J., Furrer, P., Stasiak, A. Z., Stasiak, A. and Bolshoy, A. A.},
  journal={{Nature Structural Biology}},
  volume={1},
  number={6},
  pages={361},
  year={1994},
  publisher={Nature Publishing Group}
}

########################
#########################
#######   non-gaussian   ########
########################
############
##  metling  ###############

@article{parmbsc1,
  title={Parmbsc1: a refined force field for {DNA} simulations},
  author={Ivani, Ivan and Dans, Pablo D and Noy, Agnes and P{\'e}rez, Alberto and Faustino, Ignacio and Hospital, Adam and Walther, J{\"u}rgen and Andrio, Pau and Go{\~n}i, Ramon and Balaceanu, Alexandra and others},
  journal={{Nature Methods}},
  volume={13},
  number={1},
  pages={55},
  year={2016},
  publisher={Nature Publishing Group}
}


@article{ng1,
  title={Duplex destabilization in superhelical {DNA} is predicted to occur at specific transcriptional regulatory regions},
  author={Benham, C. J.},
  journal={{Journal of Molecular Biology}},
  volume={255},
  number={3},
  pages={425--434},
  year={1996},
  publisher={Elsevier}
}
@article{ng2,
  title={The relevance of nonlinear stacking interactions in simple models of double-stranded {DNA}},
  author={Saccomandi, G. and Sgura, I.},
  journal={Journal of the Royal Society Interface},
  volume={3},
  number={10},
  pages={655--667},
  year={2006},
  publisher={The Royal Society London}
}
@article{ng3,
  title={Thermal denaturation of {DNA} studied with neutron scattering},
  author={Wildes, A. and Theodorakopoulos, N. and Valle-Orero, J. and Cuesta-Lopez, S. and Garden, J. and Peyrard, M.},
  journal={{Physical Review Letters}},
  volume={106},
  number={4},
  pages={048101},
  year={2011},
  publisher={APS}
}

@article{lankakinking,
  title={Kinking occurs during molecular dynamics simulations of small {DNA} minicircles},
  author={Lankas, F., and Lavery, R., and Maddocks, J. H.},
  journal={Structure},
  volume={14},
  number={10},
  pages={1527--1534},
  year={2006},
  publisher={Elsevier}
}


########################
#########################
#######python########
########################
#########################

  @Manual{python,
    title = {Python: A dynamic, open source programming language},
    author = {Python Core Team},
    organization = {Python Software Foundation},
    year = {2014},
    url = {https://www.python.org/},
  }
@Misc{scipy,
  author =    {Eric J. and Travis O. and Pearu P. and others},
  title =     {{SciPy}: Open source scientific tools for {Python}},
  year =      {2001--},
  url = "http://www.scipy.org/",
}
@book{numpy,
  title={A guide to NumPy},
  author={Oliphant, T. E.},
  volume={1},
  year={2006},
  publisher={Trelgol Publishing USA}
}
@article{matplotlib,
  title={Matplotlib: A {2D} graphics environment},
  author={Hunter, J. D.},
  journal={{Computing in Science and Engineering}},
  volume={9},
  number={3},
  pages={90},
  year={2007},
  publisher={IEEE Computer Society}
}
@inproceedings{pandas,
  title={Data structures for statistical computing in python},
  author={McKinney, W. and others},
  booktitle={Proceedings of the 9th Python in Science Conference},
  volume={445},
  pages={51--56},
  year={2010},
  organization={Austin, TX}
}

@article{sullenger2002emerging,
  title={Emerging clinical applications of {RNA}},
  author={Sullenger, Bruce A and Gilboa, Eli},
  journal={Nature},
  volume={418},
  number={6894},
  pages={252--258},
  year={2002},
  publisher={Nature Publishing Group}
}

@article{timmons1998specific,
  title={Specific interference by ingested {dsRNA}},
  author={Timmons, Lisa and Fire, Andrew},
  journal={Nature},
  volume={395},
  number={6705},
  pages={854--854},
  year={1998},
  publisher={Nature Publishing Group}
}
@article{fire1998potent,
  title={Potent and specific genetic interference by double-stranded {RNA} in {Caenorhabditis} elegans},
  author={Fire, Andrew and Xu, SiQun and Montgomery, Mary K and Kostas, Steven A and Driver, Samuel E and Mello, Craig C},
  journal={{Nature}},
  volume={391},
  number={6669},
  pages={806--811},
  year={1998},
  publisher={Nature Publishing Group}
}

@article{lankavs2000sequence,
  title={Sequence-dependent elastic properties of {DNA}},
  author={Lanka{\v{s}}, Filip and {\v{S}}poner, Ji{\v{r}}{\i}́ and Hobza, Pavel and Langowski, J{\"o}rg},
  journal={{Journal of Molecular Biology}},
  volume={299},
  number={3},
  pages={695--709},
  year={2000},
  publisher={Elsevier}
}

@article{mcdowell2007molecular,
  title={Molecular dynamics simulations of {RNA}: an in silico single molecule approach},
  author={McDowell, S Elizabeth and {\v{S}}pa{\v{c}}kov{\'a}, Nad'a and {\v{S}}poner, Ji{\v{r}}{\'\i} and Walter, Nils G},
  journal={Biopolymers: Original Research on Biomolecules},
  volume={85},
  number={2},
  pages={169--184},
  year={2007},
  publisher={Wiley Online Library}
}

########################
#########################
########################
#########################
########################
#########################


@article{cgDNA1,
  title={A sequence-dependent rigid-base model of {DNA}},
  author={Gonzalez, O and Petkeviciute, D and Maddocks, J.H.},
  journal={{The Journal of Chemical Physics}},
  volume={138},
  number={5},
  pages={02B604},
  year={2013},
  publisher={AIP}
}

@article{petkevivciute2014cgdna,
  title={{cgDNA}: a software package for the prediction of sequence-dependent coarse-grain free energies of {B-form DNA}},
  author={Petkeviciute, D. and Pasi, M. and Gonzalez, O. and Maddocks, J. H.},
  journal={{Nucleic Acids Research}},
  volume={42},
  number={20},
  pages={e153--e153},
  year={2014},
  publisher={Oxford University Press}
}
@article{kld,
  title={{Information Theory and Statistics. John Riley and Sons}},
  author={Kullback, Solomon},
  journal={Inc. New York},
  year={1959}
}

@article{myoxDNA,
  title={Characterizing the motion of jointed {DNA} nanostructures using a coarse-grained model},
  author={Sharma, R. and Schreck, J. S. and Romano, F. and Louis, A. A. and Doye, J. P. K.},
  journal={{ACS Nano}},
  volume={11},
  number={12},
  pages={12426--12435},
  year={2017},
  publisher={ACS Publications}
}


@article{corazza2022unraveling,
  title={Unraveling looping efficiency of stochastic {Cosserat} polymers},
  author={Corazza, Giulio and Singh, Raushan},
  journal={{Physical Review Research}},
  volume={4},
  number={1},
  pages={013071},
  year={2022},
  publisher={APS}
}

@article{hartmann1993b,
  title={{BI-BII} transitions in {B-DNA}},
  author={Hartmann, Brigitte and Piazzola, Daniel and Lavery, Richard},
  journal={{Nucleic Acids Research}},
  volume={21},
  number={3},
  pages={561--568},
  year={1993},
  publisher={Oxford University Press}
}
@article{fisher,
  title={An invariant form for the prior probability in estimation problems},
  author={Jeffreys, Harold},
  journal={Proceedings of the Royal Society of London. Series A. Mathematical and Physical Sciences},
  volume={186},
  number={1007},
  pages={453--461},
  year={1946},
  publisher={The Royal Society London}
}

@inproceedings{mahal,
  title={On the generalized distance in statistics},
  author={Mahalanobis, Prasanta Chandra},
  year={1936},
  organization={National Institute of Science of India}
}

@article{jaynes1,
  title={Information theory and statistical mechanics},
  author={Jaynes, E. T.},
  journal={{Physical Review}},
  volume={106},
  number={4},
  pages={620},
  year={1957},
  publisher={APS}
}

@article{jaynes2,
  title={Information theory and statistical mechanics. {II}},
  author={Jaynes, E. T.},
  journal={{Physical Review}},
  volume={108},
  number={2},
  pages={171},
  year={1957},
  publisher={APS}
}

@article{hagerman1988flexibility,
  title={Flexibility of {DNA}},
  author={Hagerman, Paul J},
  journal={{Annual Review of Biophysics and Biophysical Chemistry}},
  volume={17},
  number={1},
  pages={265--286},
  year={1988},
  publisher={Annual Reviews 4139 El Camino Way, PO Box 10139, Palo Alto, CA 94303-0139, USA}
}

@article{cgdnamc,
  title={Sequence-dependent persistence lengths of {DNA}},
  author={Mitchell, J. S. and Glowacki, J. and Grandchamp, A. E. and Manning, Robert S. and Maddocks, J. H.},
  journal={{Journal of Chemical Theory and Computation}},
  volume={13},
  number={4},
  pages={1539--1555},
  year={2017},
  publisher={ACS Publications}
}

@article{naflex,
  title={{NAFlex}: a web server for the study of nucleic acid flexibility},
  author={Hospital, Adam and Faustino, Ignacio and Collepardo-Guevara, Rosana and Gonzalez, Carlos and Gelp{\'\i}, Josep Lluis and Orozco, Modesto},
  journal={{Nucleic Acids Research}},
  volume={41},
  number={W1},
  pages={W47--W55},
  year={2013},
  publisher={Oxford University Press}
}

@article{galindo2015convergence,
  title={Convergence and reproducibility in molecular dynamics simulations of the {DNA} duplex d{(GCACGAACGAACGAACGC)}},
  author={Galindo-Murillo, Rodrigo and Roe, Daniel R and Cheatham III, Thomas E},
  journal={{Biochimica et Biophysica Acta (BBA)-General Subjects}},
  volume={1850},
  number={5},
  pages={1041--1058},
  year={2015},
  publisher={Elsevier}
}

@article{zhang2019mechanical,
  title={The mechanical properties of {RNA-DNA} hybrid duplex stretched by magnetic tweezers},
  author={Zhang, Chen and Fu, Hang and Yang, Yajun and Zhou, Erchi and Tan, Zhijie and You, Huijuan and Zhang, Xinghua},
  journal={{Biophysical Journal}},
  volume={116},
  number={2},
  pages={196--204},
  year={2019},
  publisher={Elsevier}
}

@article{amber,
  title={{AMBER} 2018; 2018},
  author={Case, DA and Ben-Shalom, IY and Brozell, SR and Cerutti, DS and Cheatham III, TE and Cruzeiro, VWD and Darden, TA and Duke, RE and Ghoreishi, D and Gilson, MK and others},
  journal={University of California, San Francisco}
}
@article{case2005amber,
  title={The {Amber} biomolecular simulation programs},
  author={Case, David A and Cheatham III, Thomas E and Darden, Tom and Gohlke, Holger and Luo, Ray and Merz Jr, Kenneth M and Onufriev, Alexey and Simmerling, Carlos and Wang, Bing and Woods, Robert J},
  journal={{Journal of Computational Chemistry}},
  volume={26},
  number={16},
  pages={1668--1688},
  year={2005},
  publisher={Wiley Online Library}
}

@article{pearlman1995amber,
  title={{AMBER}, a package of computer programs for applying molecular mechanics, normal mode analysis, molecular dynamics and free energy calculations to simulate the structural and energetic properties of molecules},
  author={Pearlman, David A and Case, David A and Caldwell, James W and Ross, Wilson S and Cheatham III, Thomas E and DeBolt, Steve and Ferguson, David and Seibel, George and Kollman, Peter},
  journal={Computer Physics Communications},
  volume={91},
  number={1-3},
  pages={1--41},
  year={1995},
  publisher={Elsevier}
}

@article{abels2005single,
  title={Single-molecule measurements of the persistence length of double-stranded {RNA}},
  author={Abels, JA and Moreno-Herrero, Fernando and Van der Heijden, T and Dekker, Cees and Dekker, Nynke H},
  journal={{Biophysical Journal}},
  volume={88},
  number={4},
  pages={2737--2744},
  year={2005},
  publisher={Elsevier}
}

@article{sprous1999molecular,
  title={Molecular dynamics studies of axis bending in {d(G5-(GA4T4C)2-C5) and d(G5-(GT4A4C)2-C5)}: effects of sequence polarity on {DNA} curvature},
  author={Sprous, D and Young, MA and Beveridge, DL},
  journal={{Journal of Molecular Biology}},
  volume={285},
  number={4},
  pages={1623--1632},
  year={1999},
  publisher={Elsevier}
}

@article{marin2021molecular,
  title={A molecular view of {DNA} flexibility},
  author={Marin-Gonzalez, Alberto and Vilhena, JG and Perez, Ruben and Moreno-Herrero, Fernando},
  journal={Quarterly Reviews of Biophysics},
  volume={54},
  year={2021},
  publisher={Cambridge University Press}
}

@article{shon2019submicrometer,
  title={Submicrometer elasticity of double-stranded {DNA} revealed by precision force-extension measurements with magnetic tweezers},
  author={Shon, Min Ju and Rah, Sang-Hyun and Yoon, Tae-Young},
  journal={{Science Advances}},
  volume={5},
  number={6},
  pages={eaav1697},
  year={2019},
  publisher={American Association for the Advancement of Science}
}
@article{pongor2017optical,
  title={Optical trapping nanometry of hypermethylated {CPG-island DNA}},
  author={Pongor, Csaba I and Bianco, Pasquale and Ferenczy, Gy{\"o}rgy and Kellermayer, Rich{\'a}rd and Kellermayer, Mikl{\'o}s},
  journal={Biophysical Journal},
  volume={112},
  number={3},
  pages={512--522},
  year={2017},
  publisher={Elsevier}
}



@article{marin2019dna,
  title={{DNA} crookedness regulates {DNA} mechanical properties at short length scales},
  author={Marin-Gonzalez, Alberto and Vilhena, JG and Moreno-Herrero, Fernando and Perez, Ruben},
  journal={{Physical Review Letters}},
  volume={122},
  number={4},
  pages={048102},
  year={2019},
  publisher={APS}
}

@article{cortini2016physics,
  title={The physics of epigenetics},
  author={Cortini, Ruggero and Barbi, Maria and Car{\'e}, Bertrand R and Lavelle, Christophe and Lesne, Annick and Mozziconacci, Julien and Victor, Jean-Marc},
  journal={{Reviews of Modern Physics}},
  volume={88},
  number={2},
  pages={025002},
  year={2016},
  publisher={APS}
}

@article{portella2013understanding,
  title={Understanding the connection between epigenetic {DNA} methylation and nucleosome positioning from computer simulations},
  author={Portella, Guillem and Battistini, Federica and Orozco, Modesto},
  journal={{PLoS Computational Biology}},
  volume={9},
  number={11},
  pages={e1003354},
  year={2013},
  publisher={Public Library of Science San Francisco, USA}
}

@article{dantas2015evolving,
  title={Evolving insights on how cytosine methylation affects protein--{DNA} binding},
  author={Dantas Machado, Ana Carolina and Zhou, Tianyin and Rao, Satyanarayan and Goel, Pragya and Rastogi, Chaitanya and Lazarovici, Allan and Bussemaker, Harmen J and Rohs, Remo},
  journal={{Briefings in Functional Genomics}},
  volume={14},
  number={1},
  pages={61--73},
  year={2015},
  publisher={Oxford University Press}
}

@article{rao2018systematic,
  title={Systematic prediction of {DNA} shape changes due to {CpG} methylation explains epigenetic effects on protein--{DNA} binding},
  author={Rao, Satyanarayan and Chiu, Tsu Pei and Kribelbauer, Judith F and Mann, Richard S and Bussemaker, Harmen J and Rohs, Remo},
  journal={{Epigenetics and Chromatin}},
  volume={11},
  number={1},
  pages={1--11},
  year={2018},
  publisher={Springer}
}
@article{npt,
  title={Molecular dynamics with coupling to an external bath},
  author={Berendsen, Herman JC and Postma, JPM Van and Van Gunsteren, Wilfred F and DiNola, ARHJ and Haak, Jan R},
  journal={{The Journal of Chemical Physics}},
  volume={81},
  number={8},
  pages={3684--3690},
  year={1984},
  publisher={AIP}
}

@article{zgarbova2011refinement,
  title={Refinement of the Cornell et al. nucleic acids force field based on reference quantum chemical calculations of glycosidic torsion profiles},
  author={Zgarbov{\'a}, Marie and Otyepka, Michal and Šponer, Jiří and Mládek, Arnošt and Banáš, Pavel and Cheatham III, Thomas E and Jurecka, Petr},
  journal={{Journal of Chemical Theory and Computation}},
  volume={7},
  number={9},
  pages={2886--2902},
  year={2011},
  publisher={ACS Publications}
}

@article{tsukuba,
  title={A standard reference frame for the description of nucleic acid base-pair geometry},
  author={Olson, W. K. and Bansal, M. and Burley, S. K. and Dickerson, R. E. and Gerstein, M. and Harvey, S. C. and Heinemann, U. and Lu, X. and Neidle, S. and Shakked, Z. and others},
  journal={{Journal of Molecular Biology}},
  volume={313},
  number={1},
  pages={229--237},
  year={2001},
  publisher={Elsevier Science}
}

@article{greengard1987fast,
  title={A fast algorithm for particle simulations},
  author={Greengard, Leslie and Rokhlin, Vladimir},
  journal={{Journal of Computational Physics}},
  volume={73},
  number={2},
  pages={325--348},
  year={1987},
  publisher={Elsevier}
}

@article{cheatham1999modified,
  title={A modified version of the Cornell et al. force field with improved sugar pucker phases and helical repeat},
  author={Cheatham III, Thomas E and Cieplak, Piotr and Kollman, Peter A},
  journal={{Journal of Biomolecular Structure and Dynamics}},
  volume={16},
  number={4},
  pages={845--862},
  year={1999},
  publisher={Taylor \& Francis}
}

@article{perez2007refinement,
  title={Refinement of the {AMBER} force field for nucleic acids: improving the description of $\alpha$/$\gamma$ conformers},
  author={P{\'e}rez, Alberto and March{\'a}n, Iv{\'a}n and Svozil, Daniel and Sponer, Jiri and Cheatham III, Thomas E and Laughton, Charles A and Orozco, Modesto},
  journal={{Biophysical Journal}},
  volume={92},
  number={11},
  pages={3817--3829},
  year={2007},
  publisher={Elsevier}
}

@article{entropy,
  title={Absolute versus relative parameter estimation in a coarse-grain model of {DNA}},
  author={Gonzalez, O. and Pasi, M. and Petkeviciute, D. and Glowacki, J. and Maddocks, J. H.},
  journal={{Multiscale Modeling \& Simulation}},
  volume={15},
  number={3},
  pages={1073--1107},
  year={2017},
  publisher={SIAM}
}

@article{svdfit,
  title={Least-squares rigid motion using {SVD}},
  author={Sorkine-Hornung, O. and Rabinovich, M.},
  journal={Computing},
  volume={1},
  number={1},
  year={2017}
}

@phdthesis{glowackithesis,
  title={Computation and {Visualization} in {Multiscale} {Modelling} of {DNA} {Mechanics}},
  author={Glowacki, J.},
  year={2016},
  note = {Thesis number 7062},
  school={EPFL}
}

@book{nuclein,
  title={Ueber die chemische Zusammensetzung der Eiterzellen},
  author={Miescher-R{\"{u}}sch, F.},
  year={1871}
}

@article{dnastruc,
  title={{Molecular Structure of Nucleic Acids}},
  author={Watson, J. D. and Crick, F. H. C.},
  journal={Nature},
  volume={171},
  number={4356},
  pages={737--738},
  year={1953}
}

@article{epigenotype,
  title={The epigenotype},
  author={Waddington, C. H.},
  journal={Endeavour},
  volume={1},
  pages={18--20},
  year={1942}
}

@article{segal2009controls,
  title={What controls nucleosome positions?},
  author={Segal, E. and Widom, J.},
  journal={{Trends in Genetics}},
  volume={25},
  number={8},
  pages={335--343},
  year={2009},
  publisher={Elsevier}
}

@article{virstedt2004influence,
  title={The influence of {DNA} stiffness upon nucleosome formation},
  author={Virstedt, J. and Berge, T. and Henderson, R. M. and Waring, M. J. and Travers, A. A.},
  journal={{Journal of Structural Biology}},
  volume={148},
  number={1},
  pages={66--85},
  year={2004},
  publisher={Elsevier}
}

@article{gardiner1987cpg,
  title={{CpG} islands in vertebrate genomes},
  author={Gardiner-Garden, Margaret and Frommer, Marianne},
  journal={{Journal of Molecular Biology}},
  volume={196},
  number={2},
  pages={261--282},
  year={1987},
  publisher={Elsevier}
}
@article{sarai2005protein,
  title={Protein-{DNA} recognition patterns and predictions},
  author={Sarai, A. and Kono, H.},
  journal={Annu. Rev. Biophys. Biomol. Struct.},
  volume={34},
  pages={379--398},
  year={2005},
  publisher={Annual Reviews}
}
@article{ouldridge2011structural,
  title={Structural, mechanical, and thermodynamic properties of a coarse-grained {DNA} model},
  author={Ouldridge, Thomas E and Louis, Ard A and Doye, Jonathan PK},
  journal={{The Journal of Chemical Physics}},
  volume={134},
  number={8},
  pages={02B627},
  year={2011},
  publisher={American Institute of Physics}
}

@article{wlc,
  title={R{\"{o}}ntgenuntersuchung gel{\"{o}}ster fadenmolek{\"{u}}le},
  author={Kratky, O. and Porod, G.},
  journal={Recueil des Travaux Chimiques des Pays-Bas},
  volume={68},
  number={12},
  pages={1106--1122},
  year={1949},
  publisher={Wiley Online Library}
}

########################
##########################
#####  methylation citation  epigenetic#####
###########################
############################
@article{peters2014mechanical,
  title={Mechanical properties of base-modified {DNA} are not strictly determined by base stacking or electrostatic interactions},
  author={Peters, J. P. and Mogil, L. S. and McCauley, M. J. and Williams, Mark C and Maher III, L. J.},
  journal={{Biophysical Journal}},
  volume={107},
  number={2},
  pages={448--459},
  year={2014},
  publisher={Elsevier}
}
@article{stiffnesscpg,
  title={Effect of methylation on local mechanics and hydration structure of {DNA}},
  author={Teng, X. and Hwang, W.},
  journal={{Biophysical Journal}},
  volume={114},
  number={8},
  pages={1791--1803},
  year={2018},
  publisher={Elsevier}
}


@article{li2022dna,
  title={{DNA} methylation cues in nucleosome geometry, stability and unwrapping},
  author={Li, Shuxiang and Peng, Yunhui and Landsman, David and Panchenko, Anna R},
  journal={{Nucleic Acids Research}},
  volume={50},
  number={4},
  pages={1864--1874},
  year={2022},
  publisher={Oxford University Press}
}
@article{kribelbauer2020toward,
  title={Toward a mechanistic understanding of {DNA} methylation readout by transcription factors},
  author={Kribelbauer, Judith F and Lu, Xiang-Jun and Rohs, Remo and Mann, Richard S and Bussemaker, Harmen J},
  journal={{Journal of Molecular Biology}},
  volume={432},
  number={6},
  pages={1801--1815},
  year={2020},
  publisher={Elsevier}
}

@article{hizver2001dna,
  title={{DNA} bending by an adenine--thymine tract and its role in gene regulation},
  author={Hizver, Jenny and Rozenberg, Haim and Frolow, Felix and Rabinovich, Dov and Shakked, Zippora},
  journal={{Proceedings of the National Academy of Sciences}},
  volume={98},
  number={15},
  pages={8490--8495},
  year={2001},
  publisher={National Acad Sciences}
}
@article{perez2012impact,
  title={Impact of methylation on the physical properties of {DNA}},
  author={P{\'e}rez, A. and Castellazzi, C. L. and Battistini, F. and Collinet, K. and Flores, O. and Deniz, O. and Ruiz, M. L. and Torrents, D. and Eritja, R. and Soler-L{\'o}pez, M. and others},
  journal={{Biophysical Journal}},
  volume={102},
  number={9},
  pages={2140--2148},
  year={2012},
  publisher={Elsevier}
}
@article{zacharias2000comparison,
  title={Comparison of molecular dynamics and harmonic mode calculations on {RNA}},
  author={Zacharias, Martin},
  journal={Biopolymers: Original Research on Biomolecules},
  volume={54},
  number={7},
  pages={547--560},
  year={2000},
  publisher={Wiley Online Library}
}

@article{curuksu2009local,
  title={Local and global effects of strong {DNA} bending induced during molecular dynamics simulations},
  author={Curuksu, Jeremy and Zacharias, Martin and Lavery, Richard and Zakrzewska, Krystyna},
  journal={{Nucleic Acids Research}},
  volume={37},
  number={11},
  pages={3766--3773},
  year={2009},
  publisher={Oxford University Press}
}
@article{perez2004relative,
  title={The relative flexibility of {B-DNA} and {A-RNA} duplexes: database analysis},
  author={P{\'e}rez, Alberto and Noy, Agnes and Lankas, Filip and Luque, F Javier and Orozco, Modesto},
  journal={{Nucleic Acids Research}},
  volume={32},
  number={20},
  pages={6144--6151},
  year={2004},
  publisher={Oxford University Press}
}

@article{faustino2010toward,
  title={Toward a consensus view of duplex {RNA} flexibility},
  author={Faustino, Ignacio and P{\'e}rez, Alberto and Orozco, Modesto},
  journal={{Biophysical Journal}},
  volume={99},
  number={6},
  pages={1876--1885},
  year={2010},
  publisher={Elsevier}
}


@article{guibert2013functions,
  title={Functions of {DNA} methylation and hydroxymethylation in mammalian development},
  author={Guibert, Sylvain and Weber, Michael},
  journal={Current topics in developmental biology},
  volume={104},
  pages={47--83},
  year={2013},
  publisher={Elsevier}
}
@article{ko2010impaired,
  title={Impaired hydroxylation of 5-methylcytosine in myeloid cancers with mutant {TET2}},
  author={Ko, Myunggon and Huang, Yun and Jankowska, Anna M and Pape, Utz J and Tahiliani, Mamta and Bandukwala, Hozefa S and An, Jungeun and Lamperti, Edward D and Koh, Kian Peng and Ganetzky, Rebecca and others},
  journal={Nature},
  volume={468},
  number={7325},
  pages={839--843},
  year={2010},
  publisher={Nature Publishing Group}
}

@article{munzel2010quantification,
  title={Quantification of the sixth {DNA} base hydroxymethylcytosine in the brain},
  author={M{\"u}nzel, Martin and Globisch, Daniel and Br{\"u}ckl, Tobias and Wagner, Mirko and Welzmiller, Veronika and Michalakis, Stylianos and M{\"u}ller, Markus and Biel, Martin and Carell, Thomas},
  journal={{Angewandte Chemie International Edition}},
  volume={49},
  number={31},
  pages={5375--5377},
  year={2010},
  publisher={Wiley Online Library}
}

@article{mendonca2014hydroxymethylation,
  title={Hydroxymethylation of {DNA} influences nucleosomal conformation and stability in vitro},
  author={Mendonca, Agnes and Chang, En Hyung and Liu, Wenjie and Yuan, Chongli},
  journal={Biochimica et Biophysica Acta (BBA)-Gene Regulatory Mechanisms},
  volume={1839},
  number={11},
  pages={1323--1329},
  year={2014},
  publisher={Elsevier}
}

@article{severin2013effects,
  title={Effects of cytosine hydroxymethylation on {DNA} strand separation},
  author={Severin, Philip MD and Zou, Xueqing and Schulten, Klaus and Gaub, Hermann E},
  journal={{Biophysical Journal}},
  volume={104},
  number={1},
  pages={208--215},
  year={2013},
  publisher={Elsevier}
}
@article{bendandi2020role,
  title={The role of histone tails in nucleosome stability: An electrostatic perspective},
  author={Bendandi, Artemi and Patelli, Alessandro S and Diaspro, Alberto and Rocchia, Walter},
  journal={{Computational and Structural Biotechnology Journal}},
  volume={18},
  pages={2799--2809},
  year={2020},
  publisher={Elsevier}
}


@article{carvalho2014understanding,
  title={Understanding the structural and dynamic consequences of {DNA} epigenetic modifications: {Computational} insights into cytosine methylation and hydroxymethylation},
  author={Carvalho, Alexandra TP and Gouveia, Leonor and Kanna, Charan Raju and W{\"a}rml{\"a}nder, Sebastian KTS and Platts, Jamie A and Kamerlin, Shina Caroline Lynn},
  journal={Epigenetics},
  volume={9},
  number={12},
  pages={1604--1612},
  year={2014},
  publisher={Taylor \& Francis}
}

@article{drsata2013,
  title={Structure, stiffness and substates of the {Dickerson-Drew} dodecamer},
  author={Dršata, Tomáš and P{\'e}rez, Alberto and Orozco, Modesto and Morozov, Alexandre V and Sponer, Jiri and Lankas, Filip},
  journal={{Journal of Chemical Theory and Computation}},
  volume={9},
  number={1},
  pages={707--721},
  year={2013},
  publisher={ACS Publications}
}

@article{heddi2010intrinsic,
  title={Intrinsic flexibility of {B-DNA}: the experimental {TRX} scale},
  author={Heddi, Brahim and Oguey, Christophe and Lavelle, Christophe and Foloppe, Nicolas and Hartmann, Brigitte},
  journal={{Nucleic Acids Research}},
  volume={38},
  number={3},
  pages={1034--1047},
  year={2010},
  publisher={Oxford University Press}
}
@article{liebl2019methyl,
  title={How methyl--sugar interactions determine {DNA} structure and flexibility},
  author={Liebl, Korbinian and Zacharias, Martin},
  journal={{Nucleic Acids Research}},
  volume={47},
  number={3},
  pages={1132--1140},
  year={2019},
  publisher={Oxford University Press}
}


@article{teng2018effect,
  title={Effect of methylation on local mechanics and hydration structure of {DNA}},
  author={Teng, Xiaojing and Hwang, Wonmuk},
  journal={{Biophysical Journal}},
  volume={114},
  number={8},
  pages={1791--1803},
  year={2018},
  publisher={Elsevier}
}

@article{lazarovici2013probing,
  title={Probing {DNA} shape and methylation state on a genomic scale with {DNase I}},
  author={Lazarovici, Allan and Zhou, Tianyin and Shafer, Anthony and Machado, Ana Carolina Dantas and Riley, Todd R and Sandstrom, Richard and Sabo, Peter J and Lu, Yan and Rohs, Remo and Stamatoyannopoulos, John A and others},
  journal={{Proceedings of the National Academy of Sciences}},
  volume={110},
  number={16},
  pages={6376--6381},
  year={2013},
  publisher={National Acad Sciences}
}
No definition found.
Search the web for "lazarovici2013probing" »


@article{rausch2021cytosine,
  title={Cytosine base modifications regulate {DNA} duplex stability and metabolism},
  author={Rausch, Cathia and Zhang, Peng and Casas-Delucchi, Corella S and Dai{\ss}, Julia L and Engel, Christoph and Coster, Gideon and Hastert, Florian D and Weber, Patrick and Cardoso, M Cristina},
  journal={{Nucleic Acids Research}},
  volume={49},
  number={22},
  pages={12870--12894},
  year={2021},
  publisher={Oxford University Press}
}

@article{geahigan2000dynamic,
  title={The dynamic impact of {CpG} methylation in {DNA}},
  author={Geahigan, K. B. and Meints, G. A. and Hatcher, M. E. and Orban, J. and Drobny, G. P.},
  journal={Biochemistry},
  volume={39},
  number={16},
  pages={4939--4946},
  year={2000},
  publisher={ACS Publications}
}
@article{jimenez2014unmethylated,
  title={Unmethylated and methylated {CpG} dinucleotides distinctively regulate the physical properties of {DNA}},
  author={Jimenez-Useche, I. and Shim, D. and Yu, J. and Yuan, C.},
  journal={Biopolymers},
  volume={101},
  number={5},
  pages={517--524},
  year={2014},
  publisher={Wiley Online Library}
}
@article{severin2013,
  title={Effects of cytosine hydroxymethylation on {DNA} strand separation},
  author={Severin, P. MD and Zou, X. and Schulten, K. and Gaub, H. E.},
  journal={{Biophysical Journal}},
  volume={104},
  number={1},
  pages={208--215},
  year={2013},
  publisher={Elsevier}
}
@article{severin2011cytosine,
  title={Cytosine methylation alters {DNA} mechanical properties},
  author={Severin, P. MD and Zou, X. and Gaub, H. E. and Schulten, K.},
  journal={{Nucleic Acids Research}},
  volume={39},
  number={20},
  pages={8740--8751},
  year={2011},
  publisher={Oxford University Press}
}
@article{b1favour,
  title={C5-methylation of cytosine in {B-DNA} thermodynamically and kinetically stabilizes {BI}},
  author={Rauch, C. and Trieb, M. and Wellenzohn, B. and Loferer, M. and Voegele, A. and Wibowo, F. R. and Liedl, K. R.},
  journal={{Journal of the American Chemical Society}},
  volume={125},
  number={49},
  pages={14990--14991},
  year={2003},
  publisher={ACS Publications}
}
@article{banyay2002structural,
  title={Structural effects of cytosine methylation on {DNA} sugar pucker studied by {FTIR}},
  author={Banyay, M. and Gr{\"a}slund, A.},
  journal={{Journal of Molecular Biology}},
  volume={324},
  number={4},
  pages={667--676},
  year={2002},
  publisher={Elsevier}
}
@article{lefebvre1996solution,
  title={Solution structure of the {CpG} containing {d(CTTCGAAG)2} oligonucleotide: {NMR} data and energy calculations are compatible with a {BI/BII} equilibrium at {CpG}},
  author={Lefebvre, A and Mauffret, O and Lescot, E and Hartmann, B and Fermandjian, S},
  journal={Biochemistry},
  volume={35},
  number={38},
  pages={12560--12569},
  year={1996},
  publisher={ACS Publications}
}

@article{rohs2010origins,
  title={Origins of specificity in protein-{DNA} recognition},
  author={Rohs, Remo and Jin, Xiangshu and West, Sean M and Joshi, Rohit and Honig, Barry and Mann, Richard S},
  journal={{Annual Review of Biochemistry}},
  volume={79},
  pages={233--269},
  year={2010},
  publisher={Annual Reviews}
}
@article{djuranovic2004dna,
  title={{DNA} fine structure and dynamics in crystals and in solution: the impact of {BI/BII} backbone conformations},
  author={Djuranovic, D and Hartmann, B},
  journal={Biopolymers: Original Research on Biomolecules},
  volume={73},
  number={3},
  pages={356--368},
  year={2004},
  publisher={Wiley Online Library}
}
@article{kass1997does,
  title={How does {DNA} methylation repress transcription?},
  author={Kass, S. U. and Pruss, D. and Wolffe, A. P.},
  journal={Trends in Genetics},
  volume={13},
  number={11},
  pages={444--449},
  year={1997},
  publisher={Elsevier}
}
@article{denissenko1997cytosine,
  title={Cytosine methylation determines hot spots of {DNA} damage in the human {P53} gene},
  author={Denissenko, M. F. and Chen, J. X. and Tang, M. and Pfeifer, G. P.},
  journal={{Proceedings of the National Academy of Sciences}},
  volume={94},
  number={8},
  pages={3893--3898},
  year={1997},
  publisher={National Acad Sciences}
}

@article{ehrlich2002dna,
  title={{DNA} methylation in cancer: too much, but also too little},
  author={Ehrlich, M.},
  journal={Oncogene},
  volume={21},
  number={35},
  pages={5400},
  year={2002},
  publisher={Nature Publishing Group}
}
@article{jabbari2004cytosine,
  title={Cytosine methylation and {CpG}, {TpG} ({CpA}) and {TpA} frequencies},
  author={Jabbari, K. and Bernardi, G.},
  journal={Gene},
  volume={333},
  pages={143--149},
  year={2004},
  publisher={Elsevier}
}


@article{goto1998regulation,
  title={Regulation of {X-chromosome} inactivation in development in mice and humans},
  author={Goto, T. and Monk, M.},
  journal={{Microbiology and Molecular Biology Reviews}},
  volume={62},
  number={2},
  pages={362--378},
  year={1998},
  publisher={Am Soc Microbiol}
}

@article{suzuki2008dna,
  title={{DNA} methylation landscapes: provocative insights from epigenomics},
  author={Suzuki, Miho M and Bird, Adrian},
  journal={{Nature Reviews Genetics}},
  volume={9},
  number={6},
  pages={465--476},
  year={2008},
  publisher={Nature Publishing Group}
}
@article{cedar2009linking,
  title={Linking {DNA} methylation and histone modification: patterns and paradigms},
  author={Cedar, Howard and Bergman, Yehudit},
  journal={Nature Reviews Genetics},
  volume={10},
  number={5},
  pages={295--304},
  year={2009},
  publisher={Nature Publishing Group}
}
@article{chandler1988hypomethylation,
  title={Hypomethylation of {DNA} in the regulation of gene expression},
  author={Chandler, Lois A and Jones, Peter A},
  journal={The Molecular Biology of Cell Determination and Cell Differentiation},
  pages={335--349},
  year={1988},
  publisher={Springer}
}
@article{miranda2007dna,
  title={{DNA} methylation: the nuts and bolts of repression},
  author={Miranda, Tina Branscombe and Jones, Peter A},
  journal={Journal of cellular physiology},
  volume={213},
  number={2},
  pages={384--390},
  year={2007},
  publisher={Wiley Online Library}
}
@article{ngo2016effects,
  title={Effects of cytosine modifications on {DNA} flexibility and nucleosome mechanical stability},
  author={Ngo, T. TM and Yoo, J. and Dai, Q. and Zhang, Q. and He, C. and Aksimentiev, A. and Ha, T.},
  journal={{Nature Communications}},
  volume={7},
  pages={10813},
  year={2016},
  publisher={Nature Publishing Group}
}

### 119,120,121,122,7,91 SNSF ##
######################
######################
######################
######################
######################



@phdthesis{patelithesis,
  title={A sequence-dependent coarse-grain model of {B-DNA} with explicit description of bases and phosphate groups parametrised from large scale {Molecular Dynamics} simulations},
  author={Patelli, Alessandro},
  year={2019},
  note = {Thesis number 9552},
  school={EPFL}
}


@phdthesis{zwahlenthesis,
  title={Landscapes of {DNA} mechanics and {Genomes}},
  author={Zwahlen, Thomas},
  year={2022},
  school={EPFL}
}


@phdthesis{petthesis,
  title={A {DNA} coarse-grain rigid base model and parameter estimation from molecular dynamics simulations},
  author={Petkeviciute, Daiva},
  year={2012},
  note = {Thesis number 5520},
  school={EPFL}
}

@article{noy2005structure,
  title={Structure, Recognition Properties, and Flexibility of the {DNA.RNA} Hybrid},
  author={Noy, Agnes and P{\'e}rez, Alberto and M{\'a}rquez, Manuel and Luque, F Javier and Orozco, Modesto},
  journal={{Journal of the American Chemical Society}},
  volume={127},
  number={13},
  pages={4910--4920},
  year={2005},
  publisher={ACS Publications}
}
@article{noy2004relative,
  title={Relative flexibility of {DNA} and {RNA}: a molecular dynamics study},
  author={Noy, Agnes and P{\'e}rez, Alberto and Lankas, Filip and Luque, F Javier and Orozco, Modesto},
  journal={{Journal of Molecular Biology}},
  volume={343},
  number={3},
  pages={627--638},
  year={2004},
  publisher={Elsevier}
}

@article{becker2006indirect,
  title={Indirect readout: detection of optimized subsequences and calculation of relative binding affinities using different {DNA} elastic potentials},
  author={Becker, N. B. and Wolff, L. and Everaers, R.},
  journal={{Nucleic Acids Research}},
  volume={34},
  number={19},
  pages={5638--5649},
  year={2006},
  publisher={Oxford University Press}
}
@article{chakraborty2018sequence,
  title={Sequence-dependent three interaction site model for single-and double-stranded {DNA}},
  author={Chakraborty, D. and Hori, N. and Thirumalai, D.},
  journal={{Journal of Chemical Theory and Computation}},
  volume={14},
  number={7},
  pages={3763--3779},
  year={2018},
  publisher={ACS Publications}
}

@incollection{sutthibutpong2016atomistic,
  title={Atomistic molecular dynamics simulations of {DNA} minicircle topoisomers: a practical guide to setup, performance, and analysis},
  author={Sutthibutpong, Thana and Noy, Agnes and Harris, Sarah},
  booktitle={Chromosome Architecture},
  pages={195--219},
  year={2016},
  publisher={Springer}
}

@article{lankavs2006kinking,
  title={Kinking occurs during molecular dynamics simulations of small {DNA} minicircles},
  author={Lanka{\v{s}}, Filip and Lavery, Richard and Maddocks, John H},
  journal={Structure},
  volume={14},
  number={10},
  pages={1527--1534},
  year={2006},
  publisher={Elsevier}
}
@article{lavery1995jumna,
  title={{JUMNA} (junction minimisation of nucleic acids)},
  author={Lavery, R and Zakrzewska, K and Sklenar, H},
  journal={Computer Physics Communications},
  volume={91},
  number={1-3},
  pages={135--158},
  year={1995},
  publisher={Elsevier}
}
@article{tip3p,
  title={Comparison of simple potential functions for simulating liquid water},
  author={Jorgensen, William L and Chandrasekhar, Jayaraman and Madura, Jeffry D and Impey, Roger W and Klein, Michael L},
  journal={{The Journal of Chemical Physics}},
  volume={79},
  number={2},
  pages={926--935},
  year={1983},
  publisher={AIP}
}

@article{jcion,
  title={Determination of alkali and halide monovalent ion parameters for use in explicitly solvated biomolecular simulations},
  author={Joung, In Suk and Cheatham III, Thomas E},
  journal={{The Journal of Physical Chemistry B}},
  volume={112},
  number={30},
  pages={9020--9041},
  year={2008},
  publisher={ACS Publications}
}


@article{single_cluster,
  title={Modern hierarchical, agglomerative clustering algorithms},
  author={Mullner, D.},
  journal={ArXiv Preprint ArXiv:1109.2378},
  year={2011}
}

@article{luciamelt,
  title={The thermodynamics of {DNA} structural motifs},
  author={SantaLucia Jr, John and Hicks, Donald},
  journal={Annu. Rev. Biophys. Biomol. Struct.},
  volume={33},
  pages={415--440},
  year={2004},
  publisher={Annual Reviews}
}


@book{chromtheory,
  title={Cell In {Development And Heredity}, 3rd. Rev},
  author={Wilson, E. B.},
  year={1925},
  publisher={Macmillan Company.; New York}
}
@article{vsulc2012sequence,
  title={Sequence-dependent thermodynamics of a coarse-grained {DNA} model},
  author={Sulc, P. and Romano, F. and Ouldridge, T. E. and Rovigatti, L. and Doye, J. P. K. and Louis, A. A.},
  journal={{The Journal of Chemical Physics}},
  volume={137},
  number={13},
  pages={135101},
  year={2012},
  publisher={AIP}
}

@article{oguey2010understanding,
  title={Understanding the sequence-dependence of {DNA} groove dimensions: implications for {DNA} interactions},
  author={Oguey, Christophe and Foloppe, Nicolas and Hartmann, Brigitte},
  journal={{PLoS One}},
  volume={5},
  number={12},
  pages={e15931},
  year={2010},
  publisher={Public Library of Science San Francisco, USA}
}

@article{walther2020multi,
  title={A multi-modal coarse grained model of {DNA} flexibility mappable to the atomistic level},
  author={Walther, J{\"u}rgen and Dans, Pablo D and Balaceanu, Alexandra and Hospital, Adam and Bayarri, Gen{\'\i}s and Orozco, Modesto},
  journal={{Nucleic Acids Research}},
  volume={48},
  number={5},
  pages={e29--e29},
  year={2020},
  publisher={Oxford University Press}
}
@article{adenine,
  title={Genome-wide mapping of methylated adenine residues in pathogenic {Escherichia} coli using single-molecule real-time sequencing},
  author={Fang, G. and Munera, D. and Friedman, D. I. and Mandlik, A. and Chao, M. C. and Banerjee, O. and Feng, Z. and Losic, B. and Mahajan, M. C. and Jabado, O. J. and others},
  journal={{Nature Biotechnology}},
  volume={30},
  number={12},
  pages={1232},
  year={2012},
  publisher={Nature Publishing Group}
}

@article{arnott,
  title={Optimised parameters for {A-DNA} and {B-DNA}},
  author={Arnott, Struther and Hukins, DWL},
  journal={{Biochemical and Biophysical Research Communications}},
  volume={47},
  number={6},
  pages={1504--1509},
  year={1972},
  publisher={Elsevier}
}

@article{munzel2010quantification,
  title={Quantification of the sixth {DNA} base hydroxymethylcytosine in the brain},
  author={M{\"u}nzel, Martin and Globisch, Daniel and Br{\"u}ckl, Tobias and Wagner, Mirko and Welzmiller, Veronika and Michalakis, Stylianos and M{\"u}ller, Markus and Biel, Martin and Carell, Thomas},
  journal={{Angewandte Chemie International Edition}},
  volume={49},
  number={31},
  pages={5375--5377},
  year={2010},
  publisher={Wiley Online Library}
}

@article{peters2014mechanical,
  title={Mechanical properties of base-modified {DNA} are not strictly determined by base stacking or electrostatic interactions},
  author={Peters, Justin P and Mogil, Lauren S and McCauley, Micah J and Williams, Mark C and Maher III, L James},
  journal={{Biophysical Journal}},
  volume={107},
  number={2},
  pages={448--459},
  year={2014},
  publisher={Elsevier}
}
@article{peters2010dna,
  title={{DNA} curvature and flexibility in vitro and in vivo},
  author={Peters, Justin P and Maher, L James},
  journal={{Quarterly Reviews of Biophysics}},
  volume={43},
  number={1},
  pages={23--63},
  year={2010},
  publisher={Cambridge University Press}
}

@article{demurtas2009bending,
  title={Bending modes of {DNA} directly addressed by cryo-electron microscopy of {DNA} minicircles},
  author={Demurtas, Davide and Amzallag, Arnaud and Rawdon, Eric J and Maddocks, John H and Dubochet, Jacques and Stasiak, Andrzej},
  journal={{Nucleic Acids Research}},
  volume={37},
  number={9},
  pages={2882--2893},
  year={2009},
  publisher={Oxford University Press}
}

@article{tahiliani2009conversion,
  title={Conversion of 5-methylcytosine to 5-hydroxymethylcytosine in mammalian {DNA} by {MLL} partner {TET1}},
  author={Tahiliani, Mamta and Koh, Kian Peng and Shen, Yinghua and Pastor, William A and Bandukwala, Hozefa and Brudno, Yevgeny and Agarwal, Suneet and Iyer, Lakshminarayan M and Liu, David R and Aravind, L and others},
  journal={Science},
  volume={324},
  number={5929},
  pages={930--935},
  year={2009},
  publisher={American Association for the Advancement of Science}
}
@article{koh2011tet1,
  title={Tet1 and {Tet2} regulate 5-hydroxymethylcytosine production and cell lineage specification in mouse embryonic stem cells},
  author={Koh, Kian Peng and Yabuuchi, Akiko and Rao, Sridhar and Huang, Yun and Cunniff, Kerrianne and Nardone, Julie and Laiho, Asta and Tahiliani, Mamta and Sommer, Cesar A and Mostoslavsky, Gustavo and others},
  journal={{Cell Stem Cell}},
  volume={8},
  number={2},
  pages={200--213},
  year={2011},
  publisher={Elsevier}
}

@article{arnottrna,
  title={Structures of synthetic polynucleotides in the {A-RNA} and {A'-RNA} conformations: {X-ray} diffraction analyses of the molecular conformations of polyadenylic acid{\textperiodcentered} polyuridylic acid and polyinosinic acid{\textperiodcentered} polycytidylic acid},
  author={Arnott, Struther and Hukins, DWL and Dover, SD and Fuller, W and Hodgson, AR},
  journal={{Journal of Molecular Biology}},
  volume={81},
  number={2},
  pages={107--122},
  year={1973},
  publisher={Elsevier}
}
@book{jaynes3book,
  title={Probability theory: The logic of science},
  author={Jaynes, Edwin T},
  year={2003},
  publisher={Cambridge university press}
}
@article{shake,
  title={Numerical integration of the cartesian equations of motion of a system with constraints: molecular dynamics of n-alkanes},
  author={Ryckaert, Jean-Paul and Ciccotti, Giovanni and Berendsen, Herman JC},
  journal={{Journal of Computational Physics}},
  volume={23},
  number={3},
  pages={327--341},
  year={1977},
  publisher={Elsevier}
}
@article{pme,
  title={Particle mesh {Ewald}: An {N.log(N)} method for {Ewald} sums in large systems},
  author={Darden, Tom and York, Darrin and Pedersen, Lee},
  journal={{The Journal of Chemical Physics}},
  volume={98},
  number={12},
  pages={10089--10092},
  year={1993},
  publisher={AIP}
}

@article{rattle,
  title={Rattle: A “velocity” version of the shake algorithm for molecular dynamics calculations},
  author={Andersen, Hans C},
  journal={{Journal of Computational Physics}},
  volume={52},
  number={1},
  pages={24--34},
  year={1983},
  publisher={Elsevier}
}


@article{3dna,
  title={{3DNA}: a software package for the analysis, rebuilding and visualization of three-dimensional nucleic acid structures},
  author={Lu, Xiang-Jun and Olson, Wilma K},
  journal={{Nucleic Acids Research}},
  volume={31},
  number={17},
  pages={5108--5121},
  year={2003},
  publisher={Oxford University Press}
}
@article{shi2017conformational,
  title={Conformational dynamics of mechanically-compliant {DNA} nanostructures from coarse-grained molecular dynamics simulations},
  author={Shi, Ze and Castro, Carlos E and Arya, Gaurav},
  journal={{ACS Nano}},
  volume={11},
  number={5},
  pages={4617-4630},
  year={2017},
  publisher={ACS Publications}
}
@article{schreck2016characterizing,
  title={Characterizing {DNA} star-tile-based nanostructures using a coarse-grained model},
  author={Schreck, John S and Romano, Flavio and Zimmer, Matthew H and Louis, Ard A and Doye, Jonathan P K },
  journal={{ACS Nano}},
  volume={10},
  number={4},
  pages={4236--4247},
  year={2016},
  publisher={ACS Publications}
}
@article{schreck2015characterizing,
  title={Characterizing the bending and flexibility induced by bulges in {DNA} duplexes},
  author={Schreck, John S and Ouldridge, Thomas E and Romano, Flavio and Louis, Ard A and Doye, Jonathan P K},
  journal={{The Journal of Chemical Physics}},
  volume={142},
  number={16},
  pages={165101},
  year={2015},
  publisher={AIP Publishing}
}

@article{hernández2013dna,
  title={{DNA} origami nanopores for controlling {DNA} translocation},
  author={Hernández-Ainsa, Silvia and Bell, Nicholas AW and Thacker, Vivek V and Göpfrich, Kerstin and Misiunas, Karolis and Fuentes-Perez, Maria Eugenia and Moreno-Herrero, Fernando and Keyser, Ulrich F},
  journal={{ACS Nano}},
  volume={7},
  number={7},
  pages={6024--6030},
  year={2013},
  publisher={ACS Publications}
}
@article{douglas2007dna,
  title={{DNA-nanotube-induced} alignment of membrane proteins for {NMR} structure determination},
  author={Douglas, Shawn M and Chou, James J and Shih, William M},
  journal={{Proceedings of the National Academy of Sciences}},
  volume={104},
  number={16},
  pages={6644--6648},
  year={2007},
  publisher={National Acad Sciences}
}
@article{wang2014molecular,
  title={Molecular logic gates on {DNA} origami nanostructures for {microRNA} diagnostics},
  author={Wang, Dongfang and Fu, Yanming and Yan, Juan and Zhao, Bin and Dai, Bin and Chao, Jie and Liu, Huajie and He, Dannong and Zhang, Yi and Fan, Chunhai and others},
  journal={Analytical chemistry},
  volume={86},
  number={4},
  pages={1932--1936},
  year={2014},
  publisher={ACS Publications}
}
@article{jungmann2014multiplexed,
  title={Multiplexed {3D} cellular super-resolution imaging with {DNA-PAINT} and {Exchange-PAINT}},
  author={Jungmann, Ralf and Avendano, Maier S and Woehrstein, Johannes B and Dai, Mingjie and Shih, William M and Yin, Peng},
  journal={{Nature Methods}},
  volume={11},
  number={3},
  pages={313--318},
  year={2014},
  publisher={Nature Research}
}
@article{gerdon2009controlled,
  title={Controlled delivery of {DNA} origami on patterned surfaces},
  author={Gerdon, Aren E and Oh, Seung Soo and Hsieh, Kuangwen and Ke, Yonggang and Yan, Hao and Soh, H Tom},
  journal={Small},
  volume={5},
  number={17},
  pages={1942--1946},
  year={2009},
  publisher={Wiley Online Library}
}

@article{jungmann2010single,
  title={Single-molecule kinetics and super-resolution microscopy by fluorescence imaging of transient binding on {DNA} origami},
  author={Jungmann, Ralf and Steinhauer, Christian and Scheible, Max and Kuzyk, Anton and Tinnefeld, Philip and Simmel, Friedrich C},
  journal={{Nano Letters}},
  volume={10},
  number={11},
  pages={4756--4761},
  year={2010},
  publisher={ACS Publications}
}

@article{mikkilä2014virus,
  title={Virus-encapsulated {DNA} origami nanostructures for cellular delivery},
  author={Mikkilä, Joona and Eskelinen, Antti-Pekka and Niemelä, Elina H and Linko, Veikko and Frilander, Mikko J and Törmä, Päivi and Kostiainen, Mauri A},
  journal={{Nano Letters}},
  volume={14},
  number={4},
  pages={2196--2200},
  year={2014},
  publisher={ACS Publications}
}
@article{ke2008self,
  title={Self-assembled water-soluble nucleic acid probe tiles for label-free {RNA} hybridization assays},
  author={Ke, Yonggang and Lindsay, Stuart and Chang, Yung and Liu, Yan and Yan, Hao},
  journal={Science},
  volume={319},
  number={5860},
  pages={180--183},
  year={2008},
  publisher={American Association for the Advancement of Science}
}

@article{zhang2014dna,
  title={{DNA} origami as an in vivo drug delivery vehicle for cancer therapy},
  author={Zhang, Qian and Jiang, Qiao and Li, Na and Dai, Luru and Liu, Qing and Song, Linlin and Wang, Jinye and Li, Yaqian and Tian, Jie and Ding, Baoquan and others},
  journal={{ACS Nano}},
  volume={8},
  number={7},
  pages={6633--6643},
  year={2014},
  publisher={ACS Publications}
}

@article{zhao2012dna,
  title={{DNA} origami delivery system for cancer therapy with tunable release properties},
  author={Zhao, Yong-Xing and Shaw, Alan and Zeng, Xianghui and Benson, Erik and Nyström, Andreas M and Högberg, Björn},
  journal={{ACS Nano}},
  volume={6},
  number={10},
  pages={8684--8691},
  year={2012},
  publisher={ACS Publications}
}

@article{schuller2011cellular,
  title={Cellular immunostimulation by {CpG}-sequence-coated {DNA} origami structures},
  author={Sch{\"u}ller, Verena J and Heidegger, Simon and Sandholzer, Nadja and Nickels, Philipp C and Suhartha, Nina A and Endres, Stefan and Bourquin, Carole and Liedl, Tim},
  journal={{ACS Nano}},
  volume={5},
  number={12},
  pages={9696--9702},
  year={2011}
}


@article{voigt2010single,
  title={Single-molecule chemical reactions on {DNA} origami},
  author={Voigt, Niels V and T{\o}rring, Thomas and Rotaru, Alexandru and Jacobsen, Mikkel F and Ravnsb{\ae}k, Jens B and Subramani, Ramesh and Mamdouh, Wael and Kjems, J{\o}rgen and Mokhir, Andriy and Besenbacher, Flemming and others},
  journal={{Nature Nanotechnology}},
  volume={5},
  number={3},
  pages={200--203},
  year={2010},
  publisher={Nature Publishing Group}
}


@article{joshi2017probing,
  title={Probing the structure and in silico stability of cargo loaded {DNA} icosahedra using MD simulations},
  author={Joshi, Himanshu and Bhatia, Dhiraj and Krishnan, Yamuna and Maiti, Prabal K},
  journal={Nanoscale},
  year={2017},
  publisher={Royal Society of Chemistry}
}


@article{zhou2017projection,
  title={Projection kinematic analysis of {DNA} origami mechanisms based on a two-dimensional  {TEM} image},
  author={Zhou, Lifeng and Su, Hai-Jun and Marras, Alexander E and Huang, Chao-Min and Castro, Carlos E},
  journal={Mechanism and Machine Theory},
  volume={109},
  pages={22--38},
  year={2017},
  publisher={Elsevier}
}

@article{ruf1999visual,
  title={Visual servoing of robot manipulators part i: Projective kinematics},
  author={Ruf, Andreas and Horaud, Radu},
  journal={The International Journal of Robotics Research},
  volume={18},
  number={11},
  pages={1101--1118},
  year={1999},
  publisher={SAGE Publications}
}

@article{drvsata2014mechanical,
  title={Mechanical properties of symmetric and asymmetric {DNA A-tracts}: implications for looping and nucleosome positioning},
  author={Dr{\v{s}}ata, Tom{\'a}{\v{s}} and {\v{S}}pa{\v{c}}kov{\'a}, Na{\v{d}}a and Jure{\v{c}}ka, Petr and Zgarbov{\'a}, Marie and {\v{S}}poner, Ji{\v{r}}{\'\i} and Lanka{\v{s}}, Filip},
  journal={{Nucleic Acids Research}},
  volume={42},
  number={11},
  pages={7383--7394},
  year={2014},
  publisher={Oxford University Press}
}

@article{balaceanu2019modulation,
  title={Modulation of the helical properties of {DNA} : next-to-nearest neighbour effects and beyond},
  author={Balaceanu, Alexandra and Buitrago, Diana and Walther, J{\"u}rgen and Hospital, Adam and Dans, Pablo D and Orozco, Modesto},
  journal={{Nucleic Acids Research}},
  volume={47},
  number={9},
  pages={4418--4430},
  year={2019},
  publisher={Oxford University Press}
}

@phdthesis{Snodinthesis,
  author    = {Snodin, B. E. K.},
  title     = {Simulating large {DNA} nanostructures with a coarse-grained model},
  school    = {University of Oxford},
  year      = {2015}
}

@phdthesis{Ouldridge11b,
  author    = {Ouldridge, T. E.},
  title     = {Coarse-grained modelling of {DNA} and {DNA} self-assembly},
  school    = {University of Oxford},
  year      = {2011}
}


@article{pasi2014muabc,
  title={$\mu${ABC}: a systematic microsecond molecular dynamics study of tetranucleotide sequence effects in {B-DNA}},
  author={Pasi, Marco and Maddocks, John H and Beveridge, David and Bishop, Thomas C and Case, David A and Cheatham III, Thomas and Dans, Pablo D and Jayaram, B and Lankas, Filip and Laughton, Charles and others},
  journal={{Nucleic Acids Research}},
  volume={42},
  number={19},
  pages={12272--12283},
  year={2014},
  publisher={Oxford University Press}
}

@article{Matek15,
  author    = {Matek, C. and Ouldridge, T. E. and Doye, J. P. K.  and
               Louis, A. A.},
  title     = {Plectoneme tip bubbles: Coupled denaturation and writhing in
               supercoiled {DNA} },
  journal   = {Scientific Reports},
  pages     = {7655},
  year      = {2015},
  volume    = {5}
}


@article{Romano13,
  author    = {Romano, F. and Chakraborty, D. and Doye, J. P. K. and
              Ouldridge, T. E and Louis, A. A.},
  title     = {Coarse-grained simulations of {DNA} overstretching},
  journal={{The Journal of Chemical Physics}},
  pages     = {085101},
  year      = {2013},
  volume    = {138}
}


@article{vmmc1,
  title={Avoiding unphysical kinetic traps in Monte Carlo simulations of strongly attractive particles},
  author={Whitelam, Stephen and Geissler, Phillip L},
  journal={{The Journal of Chemical Physics}},
  volume={127},
  number={15},
  pages={154101},
  year={2007},
  publisher={American Institute of Physics}
}

@article{vmmc2,
  title={The role of collective motion in examples of coarsening and self-assembly},
  author={Whitelam, Stephen and Feng, Edward H and Hagan, Michael F and Geissler, Phillip L},
  journal={Soft matter},
  volume={5},
  number={6},
  pages={1251--1262},
  year={2009},
  publisher={Royal Society of Chemistry}
}

@article{umbrella,
  title={Nonphysical sampling distributions in Monte Carlo free-energy estimation: Umbrella sampling},
  author={Torrie, Glenn M and Valleau, John P},
  journal={{Journal of Computational Physics}},
  volume={23},
  number={2},
  pages={187--199},
  year={1977},
  publisher={Elsevier}
}

@article{wham,
  title={New Monte Carlo technique for studying phase transitions},
  author={Ferrenberg, Alan M and Swendsen, Robert H},
  journal={{Physical Review Letters}},
  volume={61},
  number={23},
  pages={2635},
  year={1988},
  publisher={APS}
}
@article{Hinckley13,
  author    = {Hinckley, D. M. and Freeman, G. S. and Whitmer, J. K. and
               de Pablo, J. J.},
  title     = {An experimentally-informed coarse-grained 3-site-per-nucleotide model of {DNA}: Structure, thermodynamics, and dynamics of hybridization },
  journal={{The Journal of Chemical Physics}},
  pages     = {144903},
  year      = {2013},
  volume    = {139}
}

@article{Korolev14,
  author    = {Korolev, N. and Luo, D. and Lyubartsev, A. P. and Nordenskl\"{o}ld, L.},
  title     = {A coarse-grained {DNA} model parameterized from atomistic
               simulations by inverse Monte Carlo},
  journal   = {Polymers},
  pages     = {1655-1675},
  year      = {2014},
  volume    = {6}
}

@article{Markegard15,
  author    = {Markegard, C. B. and Fu, I. W. and Reddy, K. and Nguyen, H. D.},
  title     = {Coarse-grained simulation study of sequence effects on {DNA} hybridization in a concentrated environment},
  journal={{The Journal of Chemical Physics B}},
  pages     = {1823-1834},
  year      = {2015},
  volume    = {119}
}

@article{Snodin16,
  author    = {Snodin, B. E. K. and Romano, F. and Rovigatti, L. and
               Ouldridge, T. E. and Louis, A. A. and Doye, J. P. K.},
  title     = {Direct simulation of the self-assembly of a small {DNA} origami},
  journal={{ACS Nano}},
  year      = {2016},
  pages     = {1724-1737},
  volume    = {10}
}



@article{Dans10,
  author    = {Dans, P. D. and Zeida, A. and Machado, M. R. and Pantano, S.},
  title     = {A coarse-grained model for atomic-detailed {DNA} simulations
               with explicit electrostatics},
  journal={{Journal of Chemical Theory and Computation}},
  pages     = {1711-1725},
  year      = {2010},
  volume    = {6}
}

@article{Bruetzel16,
  author    = {Bruetzel, L. K. and Gerling, T. and Sedlak, S. M. and
               Walker, P. U. and Zheng, W. and Dietz, H. and Lipfert, J.},
  title     = {Conformational changes and flexibility of {DNA} devices observed by small-angle X-ray scattering},
  journal   = {Nano Lett.},
  pages     = {4871-4879},
  year      = {2016},
  volume    = {16}
}


@article{Fischer16,
  author    = {Fischer, S. and Hartl, C. and Frank, K. and R\"{a}dler, J. O. and Liedl, T. and Nickel, B.},
  title     = {Shape and inter-helical spacing of {DNA} origami nanostructures studied by small angle X-ray scattering},
  journal   = {Nano Lett.},
  pages     = {4282-4287},
  year      = {2016},
  volume    = {16}
}

@article{Smith96,
  author    = {Smith, S. B. and Cui, Y. and Bustamante, C.},
  title     = {Overstretching {B-DNA}: The Elastic Response of Individual Double-Stranded and Single-Stranded {DNA} Molecules},
  journal   = {Science},
  pages     = {795-799},
  year      = {1996},
  volume    = {271}
}

@article{lavery2010systematic,
  title={A systematic molecular dynamics study of nearest-neighbor effects on base pair and base pair step conformations and fluctuations in {B-DNA}},
  author={Lavery, Richard and Zakrzewska, Krystyna and Beveridge, David and Bishop, Thomas C and Case, David A and Cheatham III, Thomas and Dixit, Surjit and Jayaram, B and Lankas, Filip and Laughton, Charles and others},
  journal={{Nucleic Acids Research}},
  volume={38},
  number={1},
  pages={299--313},
  year={2010},
  publisher={Oxford University Press}
}
@article{beveridge2004molecular,
  title={Molecular dynamics simulations of the 136 unique tetranucleotide sequences of {DNA} oligonucleotides. {I.} {Research} design and results on {d(CpG)} steps},
  author={Beveridge, David L and Barreiro, Gabriela and Byun, K Suzie and Case, David A and Cheatham III, Thomas E and Dixit, Surjit B and Giudice, Emmanuel and Lankas, Filip and Lavery, Richard and Maddocks, John H and others},
  journal={{Biophysical Journal}},
  volume={87},
  number={6},
  pages={3799--3813},
  year={2004},
  publisher={Elsevier}
}

@article{dixit2005molecular,
  title={Molecular dynamics simulations of the 136 unique tetranucleotide sequences of {DNA} oligonucleotides. {II}: sequence context effects on the dynamical structures of the 10 unique dinucleotide steps},
  author={Dixit, Surjit B and Beveridge, David L and Case, David A and Cheatham 3rd, Thomas E and Giudice, Emmanuel and Lankas, Filip and Lavery, Richard and Maddocks, John H and Osman, Roman and Sklenar, Heinz and others},
  journal={{Biophysical Journal}},
  volume={89},
  number={6},
  pages={3721--3740},
  year={2005},
  publisher={Elsevier}
}
@article{MorrisAndrews10,
  author    = {Morris-Andrews, A. and Rottler, J. and Plotkin, S. S.},
  title     = {A systematically coarse-grained model for {DNA} and its predictions for persistence length, stacking, twist, and chirality},
  journal={{The Journal of Chemical Physics}},
  pages     = {035105},
  year      = {2010},
  volume    = {132}
}

@article{savelyev2012monovalent,
  title={Do monovalent mobile ions affect {DNA's} flexibility at high salt content?},
  author={Savelyev, Alexey},
  journal={{Physical Chemistry Chemical Physics}},
  volume={14},
  number={7},
  pages={2250--2254},
  year={2012},
  publisher={Royal Society of Chemistry}
}
@article{Savelyev10,
  author    = {Savelyev, A. and Papoian, G. A.},
  title     = {Chemically accurate coarse-graining of double-stranded {DNA} },
  journal   = {{Proceedings of the National Academy of Sciences USA}},
  pages     = {20340-20345},
  year      = {2010},
  volume    = {107}
}


@article{Funke16b,
  author    = {Funke, J. J. and Ketterer, P. and Lieleg, C. and Korber, P. and
               Dietz, H.},
  title     = {Exploring nucleosome unwrapping using {DNA} origami},
  journal   = {Nano Lett.},
  pages     = {7891-7898},
  year      = {2016},
  volume    = {16}
}


@article{Mathur16,
  author    = {Mathur, D. and Henderson, E. R.},
  title     = {Programmable {DNA} nanosystem for molecular interrogation},
  journal   = {Scientific Reports},
  pages     = {27413},
  year      = {2016},
  volume    = {6}
}

@article{Wagenbauer14,
  author    = {Wagenbauer, K. F. and Wachauf, C. H. and Dietz, H.},
  title     = {Quantifying quality in {DNA} self-assembly},
  journal   = {Nat. Commun.},
  pages     = {3691},
  year      = {2014},
  volume    = {5}
}


@article{Marras15,
  author    = {Marras, A. E. and Zhou, L. and Su, H.-J. and Castro, C. E.},
  title     = {Programmable motion of {DNA} origami mechanisms},
  journal  =  {Proceedings of the National Academy of Sciences USA}},
  pages     = {713-718},
  year      = {2015},
  volume    = {112}
}


@article{Marras16,
  author    = {Marras, A. E. and Zhou, L. and Kolliopoulos, V. and Su, H.-J. and
               Castro, C. E.},
  title     = {Directing folding pathways for multi-component {DNA} origami
               nanostructures with complex topology},
  journal   = {New J. Phys},
  pages     = {055005},
  year      = {2016},
  volume    = {18}
}

@article{Le13,
  author    = {Le, T. T. and Kim, H. D.},
  title     = {Measuring shape-dependent looping probability},
  journal   = {Biophys. J.},
  pages     = {2068-2076},
  year      = {2013},
  volume    = {104}
}


@article{Le16,
  author    = {Le, J. V. and Luo, Y. and Darcy, M. A. and Lucas, C. R. and
               Goodwin, M. F. and Poirier, M. G. and Castro, C. E.},
  title     = {Probing nucleosome stability with a {DNA} origami nanocaliper},
  journal={{ACS Nano}},
  pages     = {7073-7084},
  year      = {2016},
  volume    = {10}
}


@article{Zhou14,
  author    = {Zhou, L. and Marras, A. E. and Castro, C. E.},
  title     = {Origami Compliant Nanostructures with Tunable Mechanical Properties},
  journal={{ACS Nano}},
  pages     = {27-34},
  year      = {2014},
  volume    = {8}
}
@article{Castro15,
  author    = {Castro, C. E. and Su, H.-J. and Marras, A. E. and Zhou, L. and
               Johnson, J.},
  title     = {Mechanical design of {DNA} nanostructures},
  journal   = {Nanoscale},
  pages     = {5913-5921},
  year      = {2015},
  volume    = {7}
}

@article{Zhou15,
  author    = {Zhou, L. and Marras, A. E. and Su, H.-J. and Castro, C. E.},
  title     = {Direct design of an energy landscape with bistable {DNA} origami mechanisms},
  journal   = {Nano Lett.},
  pages     = {1815-1821},
  year      = {2015},
  volume    = {15}
}


@article{Zhou16,
  author    = {Zhou, L. and Marras, A. E. and Castro, C. E. and Su, H.-J.},
  title     = {Pseudorigid-body models of compliant {DNA} origami mechanisms},
  journal   = {J. Mechanisms Robotics},
  pages     = {051013},
  year      = {2016},
  volume    = {8}
}


@article{Zhou17,
  author    = {Zhou, L. and Marras, A. E. and Castro, C. E. and Su, H.-J.},
  title     = {Projection kinematic analysis of {DNA} origami mechanisms based
               on a two-dimensional  {TEM} image},
  journal   = {Mechanisms and Machine Theory},
  pages     = {22-38},
  year      = {2017},
  volume    = {109}
}



@article{Funke16c,
  author    = {Funke, J. J. and Ketterer, P. and Lieleg, C. and Schunter, S. and
               Korber, P. and Dietz, H.},
  title     = {Uncovering the forces between nucleosomes using {DNA} origami},
  journal={{Science Advances}},
  pages     = {e1600974},
  year      = {2016},
  volume    = {2}
}

@article{Nickels16,
  author    = {Nickels, P. C. and H{\o}iberg, H. C. and Simmel, S. S. and
               Holzmeister, P. and Tinnefeld, P. and Liedl, T.},
  title     = {{DNA} origami seesaws as comparative binding assay},
  journal   = {ChemBioChem},
  pages     = {1093-1096},
  year      = {2016},
  volume    = {17}
}

@article{Langecker12,
  author    = {Langecker, M. and Arnaut, V. and Martin, T. G. and List, J. and
               Renner, S. and Mayer, M. and Dietz, H. and Simmel, F. C.},
  title     = {Synthetic lipid membrane channels formed by designed {DNA} 
               nanostructures},
  journal   = {Science},
  pages     = {932-936},
  year      = {2012},
  volume    = {338}
}

@article{keyser12,
  author = {Bell, N. A. W. and Engst, C.. R. and Ablay, M. and Divitini, G. and Ducati, C. and Liedl, T. and Keyser, U. F.},
  title = {{DNA} Origami Nanopores},
  journal = {Nano Lett.},
  volume = {12},
  pages = {512-517},
  year = {2012}
}

@article{Gopfrich16,
  author    = {G\"{o}pfrich, K. and Li, C.-Y. and Ricci, M. and Bhamidimarri,
               S. P. and Yoo, J. and Gyenes, B. and Ohmann, A. and
               Winterhalter, M. and Aksimentiev, A. and Keyser, U. F.},
  title     = {Large-conductance transmembrane porin made from {DNA} origami},
  journal={{ACS Nano}},
  pages     = {8207-8214},
  year      = {2016},
  volume    = {10}
}
@article{Pfitzner13,
  author    = {Pfitzner, E. and Wachauf, C. and Kilchherr, F. and Pelz, B. and
               Shih, W. M. and Rief, M. and Dietz, H.},
  title     = {Rigid {DNA} beams for high-resolution single-molecule mechanics},
  journal   = {Angew. Chem. Int. Ed.},
  pages     = {7766-7771},
  year      = {2013},
  volume    = {52}
}




@article{Gerling15,
  author    = {Gerling, T. and Wagenbauer, K. F. and Neuner, A. M. and
               Dietz, H.},
  title     = {Dynamic {DNA} devices and assemblies formed by shape complementary,
               non-base pairing {3D} components},
  journal   = {Science},
  pages     = {1446-1452},
  year      = {2015},
  volume    = {347}
}

@article{Anderson08,
  author    = {Anderson, F. F. and Knudsen, B. and Oliveira, C. L. P. and
       Fr{\o}hlich, R. F. and Kr\"{u}ger, D. and Bungert, J. and
       Agbandje-McKenna, M. and McKenna, R. and Juul, S. and
       Veigaard, C. and Koch, J. and Rubinstein, J. L. and
       Guldbrandtsen, B. and Hede, M. S. and Karlsson, G. and
       Andersen, A. H. and Pedersen, J. S. and Knudsen, B. R.},
  title     = {Assembly and structural analysis of a covalently closed nano-scale {DNA} cage},
  journal   = {{Nucleic Acid Research}},
  pages     = {1113-1119},
  year      = {2008},
  volume    = {36}
}

@article{Zadegan12,
  author    = {Zadegan, R. M. and Jepsen, M. D. E. and Thomsen, K. E. and
               Okholm, A. H. and Schaffert, D. H. and Andersen, E. S. and
               Birkedal, V. and Kjems, J.},
  title     = {Construction of a 4 zeptoliters switchable {3D DNA} box origami},
  journal={{ACS Nano}},
  pages     = {10050-10053},
  year      = {2012},
  volume    = {6}
}



@article{Ke16,
  author    = {Ke, Y. and Meyer, T. and Shih, W. M. and Bellot, G.},
  title     = {Regulation at a distance of biomolecular interactions using
               a {DNA} nanoactuator},
  journal   = {Nature Communications},
  pages     = {10935},
  year      = {2016},
  volume    = {7}
}

@article{Martin16,
  author    = {Martin, T. G. and Bharat, T. A. M. and Joerger, A. C. and Bai, X-C. and Praetorius, F. and Fersht, A. R. and Dietz, H. and Scheres, S. H. W.},
  title     = {Design of a molecular support for {cryo-EM} structure determination},
  journal   = {{Proceedings of the National Academy of Sciences USA}},
  pages     = {E7456-E7463},
  year      = {2016},
  volume    = {113}
}

@article{Kauert11,
  author    = {Kauert, D. J. and Kurth, T. and Liedl, T. and Seidel, R.},
  title     = {Direct mechanical measurements reveal the material properties
               of three-dimensional {DNA} origami},
  journal   = {Nano Lett.},
  pages     = {5558-5563},
  year      = {2011},
  volume    = {11}
}


@article{Zhang14,
  author    = {Zhang, F. and Nangreave, J. and Liu, Y. and Yan, H.},
  title     = {Structural {DNA} Nanotechnology: State of the Art and Future Perspective},
  journal={{Journal of the American Chemical Society}},
  pages     = {11198-11211},
  year      = {2014},
  volume    = {136}
}

@article{Linko13,
  author    = {Linko, V. and Dietz, H.},
  title     = {The enabled state of {DNA} nanotechnology},
  journal   = {Curr. Opin. Biotechnol.},
  pages     = {555-561},
  year      = {2013},
  volume    = {24}
}


@article{Dietz09,
  author    = {Dietz, H. and Douglas, S. M. and Shih, W. M.},
  title     = {Folding {DNA} into twisted and curved nanoscale shapes},
  journal   = {Science},
  pages     = {725-730},
  year      = {2009},
  volume    = {325}
}





@article{Han11,
  author    = {Han, D. and Pal, S. and Nangreave, J. and Deng, Z. and Liu, Y.
               and Yan, H.},
  title     = {{DNA} origami with complex curvatures in three-dimensional space},
  journal   = {Science},
  pages     = {342-346},
  year      = {2011},
  volume    = {332}
}

@article{Douglas09b,
  author    = {Douglas, S. M. and Marblestone, A. H. and Teerapittayanon, S. and
               Vazquez, A. and Church, G. M. and Shih, W. M.},
  title     = {Rapid prototyping of {3D DNA}-origami shapes with {caDNAno}},
  journal   = {Nucl. Acids Res.},
  pages     = {5001-5006},
  year      = {2009},
  volume    = {37}
}

@article{Jiang12,
  author    = {Jiang, Q. and Song, C. and Nangreave, J. and Liu, X. and Lin, L.
               and Qiu, D. and Wang, Z.-G. and Zou, G. and Liang, X. and
               Yan, H. and Ding, B.},
  title     = {{DNA} origami as a carrier for circumvention of drug resistance},
  journal={{Journal of the American Chemical Society}},
  pages     = {13396-13403},
  year      = {2012},
  volume    = {134}
}


@article{Douglas12,
  author    = {Douglas, S. M. and Bachelet, I. and Church, G. M.},
  title     = {A logic-gated nanorobot for targeted transport of molecular
               payloads},
  journal   = {Science},
  pages     = {831-834},
  year      = {2012},
  volume    = {335}
}

@article{Halley16,
  author    = {Halley, P. D. and Lucas, C. R. and McWilliams, E. M. and
               Webber, M. J. and Patton, R. A. and Kural, C. and Lucas, D. M.
               and Byrd, J. C. and Castro, C. E.},
  title     = {Daunorubicin-loaded {DNA} origami nanostructures circumvent
               drug-resistant mechanisms in a leukemia model},
  journal   = {Small},
  pages     = {308-320},
  year      = {2016},
  volume    = {12}
}



@ARTICLE{Abernethy2003,
  author = {Colin D. Abernethy and Gareth M. Codd and Mark D. Spicer
    and Michelle K. Taylor},
  title = {{A} highly stable {N}-heterocyclic carbene complex of
    trichloro-oxo-vanadium(\textsc{v}) displaying novel
    {C}l---{C}(carbene) bonding interactions},
  journal = {{J}. {A}m. {C}hem. {S}oc.},
  year = {2003},
  volume = {125},
  pages = {1128--1129},
  number = {5},
  doi = {10.1021/ja0276321},
}

@MISC{ACS2007,
  url = {http://pubs.acs.org/books/references.shtml},
}

@ARTICLE{Arduengo1992,
  author = {Arduengo, III, Anthony J. and H. V. Rasika Dias and
    Richard L. Harlow and Michael Kline},
  title = {{E}lectronic stabilization of nucleophilic carbenes},
  journal = {{J}.~{A}m.\ {C}hem.\ {S}oc.},
  year = {1992},
  volume = {114},
  pages = {5530--5534},
  number = {14},
  doi = {10.1021/ja00040a007},
}

@ARTICLE{Arduengo1994,
  author = {Arduengo, III, Anthony J. and Siegfried F. Gamper and
    Joseph C. Calabrese and Fredric Davidson},
  title = {{L}ow-coordinate carbene complexes of nickel(0) and
    platinum(0)},
  journal = {{J}.~{A}m.\ {C}hem. {S}oc.},
  year = {1994},
  volume = {116},
  pages = {4391--4394},
  number = {10},
  doi = {10.1021/ja00089a029},
}

@ARTICLE{Eisenstein2005,
  author = {Appelhans, Leah N. and Zuccaccia, Daniele and Kovacevic,
    Anes and Chianese, Anthony R. and Miecznikowski, John R. and
    Macchioni, Aleco and Clot, Eric and Eisenstein, Odile and
    Crabtree, Robert H.},
  title = {{A}n anion-dependent switch in selectivity results from a
    change of {C}---{H} activation mechanism in the reaction of an
    imidazolium salt with \ce{IrH5(PPh3)2}},
  journal = {{J}.~{A}m.\ {C}hem. {S}oc.},
  year = {2005},
  volume = {127},
  pages = {16299--16311},
  number = {46},
  doi = {10.1021/ja055317j},
}

@BOOK{Coghill2006,
  title = {{T}he {ACS} {S}tyle {G}uide},
  publisher = {{O}xford {U}niversity {P}ress, {I}nc. and
               {T}he {A}merican {C}hemical {S}ociety},
  year = {2006},
  editor = {Coghill, Anne M. and Garson, Lorrin R.},
  address = {{N}ew {Y}ork},
  edition = {3},
  subtitle = {{E}ffective {C}ommunication of {S}cientific
    {I}nformation},
}

@BOOK{Cotton1999,
  title = {{A}dvanced {I}norganic {C}hemistry},
  publisher = {Wiley},
  year = {1999},
  author = {Cotton, Frank Albert and Wilkinson, Geoffrery and
    Murillio, Carlos A. and Bochmann, Manfred},
  address = {Chichester},
  edition = {6},
}

@ARTICLE{Mena2000,
  author = {Angel Abarca and Pilar G\'omez-Sal and Avelino Mart\'in
    and Miguel Mena and Josep Mar\'ia Poblet and Carlos Y\'elamos},
  title = {{A}mmonolysis of mono(pentamethylcyclopentadienyl)
    titanium(\textsc{iv}) derivatives},
  journal = {Inorg. Chem.},
  year = {2000},
  volume = {39},
  pages = {642--651},
  number = {4},
  doi = {10.1021/ic9907718},
}

@article{hamblin2012rolling,
  title={Rolling circle amplification-templated {DNA} nanotubes show increased stability and cell penetration ability},
  author={Hamblin, Graham D and Carneiro, Karina MM and Fakhoury, Johans F and Bujold, Katherine E and Sleiman, Hanadi F},
  journal={JACS},
  volume={134},
  number={6},
  pages={2888--2891},
  year={2012},
  publisher={ACS Publications}
}

@article{wollman2014transport,
  title={Transport and self-organization across different length scales powered by motor proteins and programmed by {DNA}},
  author={Wollman, Adam JM and Sanchez-Cano, Carlos and Carstairs, Helen MJ and Cross, Robert A and Turberfield, Andrew J},
  journal={{Nature Nanotechnology}},
  volume={9},
  number={1},
  pages={44--47},
  year={2014},
  publisher={Nature Publishing Group}
}

@article{kuzyk2012dna,
  title={{DNA}-based self-assembly of chiral plasmonic nanostructures with tailored optical response},
  author={Kuzyk, Anton and Schreiber, Robert and Fan, Zhiyuan and Pardatscher, G{\"u}nther and Roller, Eva-Maria and H{\"o}gele, Alexander and Simmel, Friedrich C and Govorov, Alexander O and Liedl, Tim},
  journal={Nature},
  volume={483},
  number={7389},
  pages={311--314},
  year={2012},
  publisher={Nature Publishing Group}
}

@article{kuzyk2014reconfigurable,
  title={Reconfigurable {3D} plasmonic metamolecules},
  author={Kuzyk, Anton and Schreiber, Robert and Zhang, Hui and Govorov, Alexander O and Liedl, Tim and Liu, Na},
  journal={Nature materials},
  volume={13},
  number={9},
  pages={862--866},
  year={2014},
  publisher={Nature Publishing Group}
}

@article{sun2014casting,
  title={Casting inorganic structures with {DNA} molds},
  author={Sun, Wei and Boulais, Etienne and Hakobyan, Yera and Wang, Wei Li and Guan, Amy and Bathe, Mark and Yin, Peng},
  journal={Science},
  volume={346},
  number={6210},
  pages={1258361},
  year={2014},
  publisher={American Association for the Advancement of Science}
}
@article{seeman1982nucleic,
  title={Nucleic acid junctions and lattices},
  author={Seeman, Nadrian C},
  journal={Journal of theoretical biology},
  volume={99},
  number={2},
  pages={237--247},
  year={1982},
  publisher={Elsevier}
}

@article{adleman1994molecular,
  title={Molecular computation of solutions to combinatorial problems},
  author={Adleman, Leonard M},
  journal={Nature},
  volume={369},
  pages={40},
  year={1994}
}
@article{liu2011metallization,
  title={Metallization of branched {DNA} origami for nanoelectronic circuit fabrication},
  author={Liu, Jianfei and Geng, Yanli and Pound, Elisabeth and Gyawali, Shailendra and Ashton, Jeffrey R and Hickey, John and Woolley, Adam T and Harb, John N},
  journal={{ACS Nano}},
  volume={5},
  number={3},
  pages={2240--2247},
  year={2011},
  publisher={ACS Publications}
}

@article{winfree1998design,
  title={Design and self-assembly of two-dimensional {DNA} crystals},
  author={Winfree, Erik and Liu, Furong and Wenzler, Lisa A and Seeman, Nadrian C},
  journal={Nature},
  volume={394},
  number={6693},
  pages={539--544},
  year={1998},
  publisher={Nature Publishing Group}
}

@article{zheng2009molecular,
  title={From molecular to macroscopic via the rational design of a self-assembled {3D} {DNA} crystal},
  author={Zheng, Jianping and Birktoft, Jens J and Chen, Yi and Wang, Tong and Sha, Ruojie and Constantinou, Pamela E and Ginell, Stephan L and Mao, Chengde and Seeman, Nadrian C},
  journal={Nature},
  volume={461},
  number={7260},
  pages={74--77},
  year={2009},
  publisher={Nature Publishing Group}
}

@article{zhao2015post,
  title={Post-Assembly Stabilization of Rationally Designed {DNA} Crystals},
  author={Zhao, Jiemin and Chandrasekaran, Arun Richard and Li, Qian and Li, Xiang and Sha, Ruojie and Seeman, Nadrian C and Mao, Chengde},
  journal={{Angewandte Chemie International Edition}},
  volume={54},
  number={34},
  pages={9936--9939},
  year={2015},
  publisher={Wiley Online Library}
}

@article{iinuma2014polyhedra,
  title={Polyhedra self-assembled from {DNA} tripods and characterized with {3D DNA-PAINT}},
  author={Iinuma, Ryosuke and Ke, Yonggang and Jungmann, Ralf and Schlichthaerle, Thomas and Woehrstein, Johannes B and Yin, Peng},
  journal={Science},
  volume={344},
  number={6179},
  pages={65--69},
  year={2014},
  publisher={American Association for the Advancement of Science}
}

@article{shih20041,
  title={A 1.7-kilobase single-stranded {DNA} that folds into a nanoscale octahedron},
  author={Shih, William M and Quispe, Joel D and Joyce, Gerald F},
  journal={Nature},
  volume={427},
  number={6975},
  pages={618--621},
  year={2004},
  publisher={Nature Publishing Group}
}

@article{goodman2005rapid,
  title={Rapid chiral assembly of rigid {DNA} building blocks for molecular nanofabrication},
  author={Goodman, Russell P and Schaap, Iwan AT and Tardin, Catherine F and Erben, Christoph M and Berry, Richard M and Schmidt, Christoph F and Turberfield, Andrew J},
  journal={Science},
  volume={310},
  number={5754},
  pages={1661--1665},
  year={2005},
  publisher={American Association for the Advancement of Science}
}

@article{he2008hierarchical,
  title={Hierarchical self-assembly of {DNA} into symmetric supramolecular polyhedra},
  author={He, Yu and Ye, Tao and Su, Min and Zhang, Chuan and Ribbe, Alexander E and Jiang, Wen and Mao, Chengde},
  journal={Nature},
  volume={452},
  number={7184},
  pages={198--201},
  year={2008},
  publisher={Nature Publishing Group}
}

@article{zhang2008conformational,
  title={Conformational flexibility facilitates self-assembly of complex {DNA} nanostructures},
  author={Zhang, Chuan and Su, Min and He, Yu and Zhao, Xin and Fang, Ping-an and Ribbe, Alexander E and Jiang, Wen and Mao, Chengde},
  journal={{Proceedings of the National Academy of Sciences}},
  volume={105},
  number={31},
  pages={10665--10669},
  year={2008},
  publisher={National Acad Sciences}
}

@article{zhang2009symmetry,
  title={Symmetry controls the face geometry of {DNA} polyhedra},
  author={Zhang, Chuan and Ko, Seung Hyeon and Su, Min and Leng, Yujun and Ribbe, Alexander E and Jiang, Wen and Mao, Chengde},
  journal={{Journal of the American Chemical Society}},
  volume={131},
  number={4},
  pages={1413--1415},
  year={2009},
  publisher={ACS Publications}
}

@article{kovcar2016design,
  title={Design principles for rapid folding of knotted {DNA} nanostructures},
  author={Ko{\v{c}}ar, Vid and Schreck, John S and {\v{C}}eru, Slavko and Gradi{\v{s}}ar, Helena and Ba{\v{s}}i{\'c}, Nino and Pisanski, Toma{\v{z}} and Doye, J P K and Jerala, Roman},
  journal={{Nature Communications}},
  volume={7},
  year={2016},
  publisher={Nature Publishing Group}
}

@article{wang2016self,
  title={Self-assembly of fully addressable {DNA} nanostructures from double crossover tiles},
  author={Wang, Wen and Lin, Tong and Zhang, Suoyu and Bai, Tanxi and Mi, Yongli and Wei, Bryan},
  journal={{Nucleic Acids Research}},
  volume={44},
  number={16},
  pages={7989--7996},
  year={2016},
  publisher={Oxford Univ Press}
}

@article{zhang2015complex,
  title={Complex wireframe {DNA} origami nanostructures with multi-arm junction vertices},
  author={Zhang, Fei and Jiang, Shuoxing and Wu, Siyu and Li, Yulin and Mao, Chengde and Liu, Yan and Yan, Hao},
  journal={{Nature Nanotechnology}},
  volume={10},
  number={9},
  pages={779--784},
  year={2015},
  publisher={Nature Publishing Group}
}

@article{han2013dna,
  title={{DNA} gridiron nanostructures based on four-arm junctions},
  author={Han, Dongran and Pal, Suchetan and Yang, Yang and Jiang, Shuoxing and Nangreave, Jeanette and Liu, Yan and Yan, Hao},
  journal={Science},
  volume={339},
  number={6126},
  pages={1412--1415},
  year={2013},
  publisher={American Association for the Advancement of Science}
}

@article{green2008coordinated,
  title={Coordinated chemomechanical cycles: a mechanism for autonomous molecular motion},
  author={Green, SJ and Bath, Jonathan and Turberfield, AJ},
  journal={{Physical Review Letters}},
  volume={101},
  number={23},
  pages={238101},
  year={2008},
  publisher={APS}
}

@article{tomov2013rational,
  title={Rational design of {DNA} motors: fuel optimization through single-molecule fluorescence},
  author={Tomov, Toma E and Tsukanov, Roman and Liber, Miran and Masoud, Rula and Plavner, Noa and Nir, Eyal},
  journal={{Journal of the American Chemical Society}},
  volume={135},
  number={32},
  pages={11935--11941},
  year={2013},
  publisher={ACS Publications}
}

@article{sobczak2012rapid,
  title={Rapid folding of {DNA} into nanoscale shapes at constant temperature},
  author={Sobczak, Jean-Philippe J and Martin, Thomas G and Gerling, Thomas and Dietz, Hendrik},
  journal={Science},
  volume={338},
  number={6113},
  pages={1458--1461},
  year={2012},
  publisher={American Association for the Advancement of Science}
}







@article{castro2011primer,
  title={A primer to scaffolded {DNA} origami},
  author={Castro, Carlos Ernesto and Kilchherr, Fabian and Kim, Do-Nyun and Shiao, Enrique Lin and Wauer, Tobias and Wortmann, Philipp and Bathe, Mark and Dietz, Hendrik},
  journal={{Nature Methods}},
  volume={8},
  number={3},
  pages={221--229},
  year={2011},
  publisher={Nature Publishing Group}
}
@article{kim2012quantitative,
  title={Quantitative prediction of {3D} solution shape and flexibility of nucleic acid nanostructures},
  author={Kim, Do-Nyun and Kilchherr, Fabian and Dietz, Hendrik and Bathe, Mark},
  journal={{Nucleic Acids Research}},
  volume={40},
  number={7},
  pages={2862--2868},
  year={2012},
  publisher={Oxford Univ Press}
}
@article{marras2015programmable,
  title={Programmable motion of {DNA} origami mechanisms},
  author={Marras, Alexander E and Zhou, Lifeng and Su, Hai-Jun and Castro, Carlos E},
  journal={{Proceedings of the National Academy of Sciences}},
  volume={112},
  number={3},
  pages={713--718},
  year={2015},
  publisher={National Acad Sciences}
}

@article{linko2013enabled,
  title={The enabled state of {DNA} nanotechnology},
  author={Linko, Veikko and Dietz, Hendrik},
  journal={{Current Opinion in Biotechnology}},
  volume={24},
  number={4},
  pages={555--561},
  year={2013},
  publisher={Elsevier}
}

@article{dietz2009folding,
  title={Folding {DNA} into twisted and curved nanoscale shapes},
  author={Dietz, Hendrik and Douglas, Shawn M and Shih, William M},
  journal={Science},
  volume={325},
  number={5941},
  pages={725--730},
  year={2009},
  publisher={American Association for the Advancement of Science}
}
@article{pennings2005dna,
  title={{DNA} methylation, nucleosome formation and positioning},
  author={Pennings, Sari and Allan, James and Davey, Colin S},
  journal={{Briefings in Functional Genomics}},
  volume={3},
  number={4},
  pages={351--361},
  year={2005},
  publisher={Henry Stewart Publications}
}

@article{segal2006genomic,
  title={A genomic code for nucleosome positioning},
  author={Segal, Eran and Fondufe-Mittendorf, Yvonne and Chen, Lingyi and Th{\aa}str{\"o}m, AnnChristine and Field, Yair and Moore, Irene K and Wang, Ji-Ping Z and Widom, Jonathan},
  journal={Nature},
  volume={442},
  number={7104},
  pages={772--778},
  year={2006},
  publisher={Nature Publishing Group}
}


@article{chen2001indirect,
  title={Indirect readout of {DNA} sequence at the primary-kink site in the {CAP-DNA} complex: alteration of {DNA} binding specificity through alteration of {DNA} kinking},
  author={Chen, Shengfeng and Gunasekera, Angelo and Zhang, Xiaoping and Kunkel, Thomas A and Ebright, Richard H and Berman, Helen M},
  journal={{Journal of Molecular Biology}},
  volume={314},
  number={1},
  pages={75--82},
  year={2001},
  publisher={Elsevier}
}


@article{schleif1992dna,
  title={{DNA} looping},
  author={Schleif, Robert},
  journal={{Annual Review of Biochemistry}},
  volume={61},
  number={1},
  pages={199--223},
  year={1992},
  publisher={Annual Reviews 4139 El Camino Way, PO Box 10139, Palo Alto, CA 94303-0139, USA}
}

@article{paillard2004analyzing,
  title={Analyzing protein-{DNA} recognition mechanisms},
  author={Paillard, Guillaume and Lavery, Richard},
  journal={Structure},
  volume={12},
  number={1},
  pages={113--122},
  year={2004},
  publisher={Elsevier}
}

@article{juo1996proteins,
  title={How proteins recognize the {TATA} box},
  author={Juo, Zong Sean and Chiu, Thang Kien and Leiberman, Paul M and Baikalov, Igor and Berk, Arnold J and Dickerson, Richard E},
  journal={{Journal of Molecular Biology}},
  volume={261},
  number={2},
  pages={239--254},
  year={1996},
  publisher={Elsevier}
}


@article{lebrun1997local,
  title={Local {DNA} stretching mimics the distortion caused by the {TATA} box-binding protein},
  author={Lebrun, Anne and Shakked, Zippora and Lavery, Richard},
  journal={{Proceedings of the National Academy of Sciences}},
  volume={94},
  number={7},
  pages={2993--2998},
  year={1997},
  publisher={National Acad Sciences}
}


@article{okonogi2000sequence,
  title={Sequence-dependent dynamics in duplex {DNA}},
  author={Okonogi, TM and Alley, SC and Reese, AW and Hopkins, PB and Robinson, BH},
  journal={{Biophysical Journal}},
  volume={78},
  number={5},
  pages={2560--2571},
  year={2000},
  publisher={Elsevier}
}

@article{okonogi2002sequence,
  title={Sequence-dependent dynamics of duplex {DNA}: the applicability of a dinucleotide model},
  author={Okonogi, TM and Alley, SC and Reese, AW and Hopkins, PB and Robinson, BH},
  journal={{Biophysical Journal}},
  volume={83},
  number={6},
  pages={3446--3459},
  year={2002},
  publisher={Elsevier}
}

@article{packer1998sequence,
  title={Sequence-dependent {DNA} structure: the role of the sugar-phosphate backbone},
  author={Packer, Martin J and Hunter, Christopher A},
  journal={{Journal of Molecular Biology}},
  volume={280},
  number={3},
  pages={407--420},
  year={1998},
  publisher={Elsevier}
}

@article{yanagi1991analysis,
  title={Analysis of local helix geometry in three {B-DNA} decamers and eight dodecamers},
  author={Yanagi, Kazunori and Priv{\'e}, Gilbert G and Dickerson, Richard E},
  journal={{Journal of Molecular Biology}},
  volume={217},
  number={1},
  pages={201--214},
  year={1991},
  publisher={Elsevier}
}

@article{lankavs2003dna,
  title={{DNA} basepair step deformability inferred from molecular dynamics simulations},
  author={Lanka{\v{s}}, Filip and {\v{S}}poner, Ji{\v{r}}{\'\i} and Langowski, J{\"o}rg and Cheatham III, Thomas E},
  journal={{Biophysical Journal}},
  volume={85},
  number={5},
  pages={2872--2883},
  year={2003},
  publisher={Elsevier}
}


@article{neidle2021beyond,
  title={Beyond the double helix: {DNA} structural diversity and the {PDB}},
  author={Neidle, Stephen},
  journal={{Journal of Biological Chemistry}},
  pages={100553},
  year={2021},
  publisher={Elsevier}
}


@article{mack2001intrinsic,
  title={Intrinsic bending and deformability at the {TA} step of {CCTTTAAAGG}: a comparative analysis of {TA} and {AT} steps within {A}-tracts},
  author={Mack, Darcy R and Chiu, Thang K and Dickerson, Richard E},
  journal={{Journal of Molecular Biology}},
  volume={312},
  number={5},
  pages={1037--1049},
  year={2001},
  publisher={Elsevier}
}

@article{dickerson1998dna,
  title={{DNA} bending: the prevalence of kinkiness and the virtues of normality},
  author={Dickerson, Richard E},
  journal={{Nucleic Acids Research}},
  volume={26},
  number={8},
  pages={1906--1926},
  year={1998},
  publisher={Oxford University Press}
}

@article{gonzalez2001extracting,
  title={Extracting parameters for base-pair level models of {DNA} from molecular dynamics simulations},
  author={Gonzalez, Oscar and Maddocks, John H},
  journal={{Theoretical Chemistry Accounts}},
  volume={106},
  number={1-2},
  pages={76--82},
  year={2001},
  publisher={Springer}
}

@article{packer2000sequence,
  title={Sequence-dependent {DNA} structure: tetranucleotide conformational maps},
  author={Packer, Martin J and Dauncey, Mark P and Hunter, Christopher A},
  journal={{Journal of Molecular Biology}},
  volume={295},
  number={1},
  pages={85--103},
  year={2000},
  publisher={Elsevier}
}

@article{arauzo2005sequence,
  title={Sequence-Dependent Conformational Energy of {DNA} Derived from Molecular Dynamics Simulations: Toward Understanding the Indirect Readout Mechanism in Protein- {DNA} Recognition},
  author={Ara{\'u}zo-Bravo, Marcos J and Fujii, Satoshi and Kono, Hidetoshi and Ahmad, Shandar and Sarai, Akinori},
  journal={{Journal of the American Chemical Society}},
  volume={127},
  number={46},
  pages={16074--16089},
  year={2005},
  publisher={ACS Publications}
}

@article{perez2008towards,
  title={Towards a molecular dynamics consensus view of {B-DNA} flexibility},
  author={P{\'e}rez, Alberto and Lankas, Filip and Luque, F Javier and Orozco, Modesto},
  journal={{Nucleic Acids Research}},
  volume={36},
  number={7},
  pages={2379--2394},
  year={2008},
  publisher={Oxford University Press}
}

@article{pollack-cgDNA,
  title={Local {DNA} sequence controls asymmetry of {DNA} unwrapping from nucleosome core particles},
  author={Mauney, Alexander W and Tokuda, Joshua M and Gloss, Lisa M and Gonzalez, Oscar and Pollack, Lois},
  journal={{Biophysical Journal}},
  volume={115},
  number={5},
  pages={773--781},
  year={2018},
  publisher={Elsevier}
}
@article{brunet2015dependence,
  title={Dependence of {DNA} persistence length on ionic strength of solutions with monovalent and divalent salts: a joint theory--experiment study},
  author={Brunet, Anna{\"e}l and Tardin, Catherine and Salom{\'e}, Laurence and Rousseau, Philippe and Destainville, Nicolas and Manghi, Manoel},
  journal={Macromolecules},
  volume={48},
  number={11},
  pages={3641--3652},
  year={2015},
  publisher={ACS Publications}
}

@article{3spn,
  title={An experimentally-informed coarse-grained 3-site-per-nucleotide model of {DNA}: Structure, thermodynamics, and dynamics of hybridization},
  author={Hinckley, Daniel M and Freeman, Gordon S and Whitmer, Jonathan K and De Pablo, Juan J},
  journal={{The Journal of Chemical Physics}},
  volume={139},
  number={14},
  pages={10B604\_1},
  year={2013},
  publisher={American Institute of Physics}
}

@article{dnamartini,
  title={Martini coarse-grained force field: extension to {DNA}},
  author={Uusitalo, Jaakko J and Ingólfsson, Helgi I and Akhshi, Parisa and Tieleman, D Peter and Marrink, Siewert J},
  journal={{Journal of Chemical Theory and Computation}},
  volume={11},
  number={8},
  pages={3932--3945},
  year={2015},
  publisher={ACS Publications}
}

@article{olson2011working,
  title={Working the kinks out of nucleosomal {DNA}},
  author={Olson, Wilma K and Zhurkin, Victor B},
  journal={{Current Opinion in Structural Biology}},
  volume={21},
  number={3},
  pages={348--357},
  year={2011},
  publisher={Elsevier}
}

@misc{weinhold2006epigenetics,
  title={Epigenetics: the science of change},
  author={Weinhold, Bob},
  year={2006},
  publisher={National Institute of Environmental Health Sciences}
}

@article{yesselman2019sequence,
  title={Sequence-dependent {RNA} helix conformational preferences predictably impact tertiary structure formation},
  author={Yesselman, Joseph D and Denny, Sarah K and Bisaria, Namita and Herschlag, Daniel and Greenleaf, William J and Das, Rhiju},
  journal={{Proceedings of the National Academy of Sciences}},
  volume={116},
  number={34},
  pages={16847--16855},
  year={2019},
  publisher={National Acad Sciences}
}

@article{hospital2015molecular,
  title={Molecular dynamics simulations: advances and applications},
  author={Hospital, Adam and Go{\~n}i, Josep Ramon and Orozco, Modesto and Gelp{\'\i}, Josep L},
  journal={{Advances and Applications in Bioinformatics and Chemistry}},
  volume={8},
  pages={37},
  year={2015},
  publisher={Dove Press}
}

@article{marin2019sequence,
  title={Sequence-dependent mechanical properties of double-stranded {RNA}},
  author={Marin-Gonzalez, Alberto and Vilhena, JG and Moreno-Herrero, Fernando and Perez, Ruben},
  journal={Nanoscale},
  volume={11},
  number={44},
  pages={21471--21478},
  year={2019},
  publisher={Royal Society of Chemistry}
}
@article{ohle2016transient,
  title={Transient {RNA-DNA} hybrids are required for efficient double-strand break repair},
  author={Ohle, Corina and Tesorero, Rafael and Schermann, G{\'e}za and Dobrev, Nikolay and Sinning, Irmgard and Fischer, Tam{\'a}s},
  journal={Cell},
  volume={167},
  number={4},
  pages={1001--1013},
  year={2016},
  publisher={Elsevier}
}

@article{sternberg2015conformational,
  title={Conformational control of {DNA} target cleavage by {CRISPR--Cas9}},
  author={Sternberg, Samuel H and LaFrance, Benjamin and Kaplan, Matias and Doudna, Jennifer A},
  journal={Nature},
  volume={527},
  number={7576},
  pages={110--113},
  year={2015},
  publisher={Nature Publishing Group}
}

@article{basu2021measuring,
  title={Measuring {DNA} mechanics on the genome scale},
  author={Basu, Aakash and Bobrovnikov, Dmitriy G and Qureshi, Zan and Kayikcioglu, Tunc and Ngo, Thuy and Ranjan, Anand and Eustermann, Sebastian and Cieza, Basilio and Morgan, Michael T and Hejna, Miroslav and others},
  journal={Nature},
  volume={589},
  number={7842},
  pages={462--467},
  year={2021},
  publisher={Nature Publishing Group}
}

@article{botstein1980construction,
  title={Construction of a genetic linkage map in man using restriction fragment length polymorphisms.},
  author={Botstein, David and White, Raymond L and Skolnick, Mark and Davis, Ronald W},
  journal={{American journal of Human Genetics}},
  volume={32},
  number={3},
  pages={314},
  year={1980},
  publisher={Elsevier}
}

@article{shastry2002snp,
  title={{SNP} alleles in human disease and evolution},
  author={Shastry, Barkur S},
  journal={{Journal of Human Genetics}},
  volume={47},
  number={11},
  pages={561--566},
  year={2002},
  publisher={Nature Publishing Group}
}

@article{fujii2007sequence,
  title={Sequence-dependent {DNA} deformability studied using molecular dynamics simulations},
  author={Fujii, Satoshi and Kono, Hidetoshi and Takenaka, Shigeori and Go, Nobuhiro and Sarai, Akinori},
  journal={{Nucleic Acids Research}},
  volume={35},
  number={18},
  pages={6063--6074},
  year={2007},
  publisher={Oxford University Press}
}

@incollection{olson2006dna,
  title={{DNA} simulation benchmarks as revealed by {X-ray} structures},
  author={Olson, Wilma K and Colasanti, Andrew V and Li, Yun and Ge, Wei and Zheng, Guohui and Zhurkin, Victor B},
  booktitle={Computational Studies of {RNA} and {DNA}},
  pages={235--257},
  year={2006},
  publisher={Springer}
}

@article{dans2012exploring,
  title={Exploring polymorphisms in {B-DNA} helical conformations},
  author={Dans, Pablo D and P{\'e}rez, Alberto and Faustino, Ignacio and Lavery, Richard and Orozco, Modesto},
  journal={{Nucleic Acids Research}},
  volume={40},
  number={21},
  pages={10668--10678},
  year={2012},
  publisher={Oxford University Press}
}

@article{madhumalar2005sequence,
  title={Sequence preference for {BI/BII} conformations in {DNA}: {MD} and crystal structure data analysis},
  author={Madhumalar, A and Bansal, Manju},
  journal={{Journal of Biomolecular Structure and Dynamics}},
  volume={23},
  number={1},
  pages={13--27},
  year={2005},
  publisher={Taylor \& Francis}
}

@article{schneider2018dna,
  title={A {DNA} structural alphabet provides new insight into {DNA} flexibility},
  author={Schneider, Bohdan and Bo{\v{z}}{\'\i}kov{\'a}, Paul{\'\i}na and Ne{\v{c}}asov{\'a}, Iva and {\v{C}}ech, Petr and Svozil, Daniel and {\v{C}}ern{\`y}, Ji{\v{r}}{\'\i}},
  journal={{Acta Crystallographica Section D: Structural Biology}},
  volume={74},
  number={1},
  pages={52--64},
  year={2018},
  publisher={International Union of Crystallography}
}

@article{pataskar2019deciphering,
  title={Deciphering the gene regulatory landscape encoded in {DNA} biophysical features},
  author={Pataskar, Abhijeet and Vanderlinden, Willem and Emmerig, Johannes and Singh, Aditi and Lipfert, Jan and Tiwari, Vijay K},
  journal={{iScience}},
  volume={21},
  pages={638--649},
  year={2019},
  publisher={Elsevier}
}


@article{mathelier2016dna,
  title={{DNA} shape features improve transcription factor binding site predictions in vivo},
  author={Mathelier, Anthony and Xin, Beibei and Chiu, Tsu-Pei and Yang, Lin and Rohs, Remo and Wasserman, Wyeth W},
  journal={Cell systems},
  volume={3},
  number={3},
  pages={278--286},
  year={2016},
  publisher={Elsevier}
}

@article{kim1993co,
  title={Co-crystal structure of {TBP} recognizing the minor groove of a {TATA} element},
  author={Kim, Joseph L and Nikolov, Dimitar B and Burley, Stephen K},
  journal={Nature},
  volume={365},
  number={6446},
  pages={520--527},
  year={1993},
  publisher={Nature Publishing Group}
}

@article{kim1993crystal,
  title={Crystal structure of a yeast {TBP/TATA-box} complex},
  author={Kim, Youngchang and Geiger, James H and Hahn, Steven and Sigler, Paul B},
  journal={Nature},
  volume={365},
  number={6446},
  pages={512--520},
  year={1993},
  publisher={Nature Publishing Group}
}

@article{biojava,
  title={{BioJava}: an open-source framework for bioinformatics},
  author={Holland, Richard CG and Down, Thomas A and Pocock, Matthew and Prli{\'c}, Andreas and Huen, David and James, Keith and Foisy, Sylvain and Dr{\"a}ger, Andreas and Yates, Andy and Heuer, Michael and others},
  journal={Bioinformatics},
  volume={24},
  number={18},
  pages={2096--2097},
  year={2008},
  publisher={Oxford University Press}
}
@article{biojava5,
  title={{BioJava} 5: A community driven open-source bioinformatics library},
  author={Lafita, Aleix and Bliven, Spencer and Prli{\'c}, Andreas and Guzenko, Dmytro and Rose, Peter W and Bradley, Anthony and Pavan, Paolo and Myers-Turnbull, Douglas and Valasatava, Yana and Heuer, Michael and others},
  journal={{PLoS Computational Biology}},
  volume={15},
  number={2},
  pages={e1006791},
  year={2019},
  publisher={Public Library of Science}
}

@article{berman2002protein,
  title={The protein data bank},
  author={Berman, Helen M and Battistuz, Tammy and Bhat, Talapady N and Bluhm, Wolfgang F and Bourne, Philip E and Burkhardt, Kyle and Feng, Zukang and Gilliland, Gary L and Iype, Lisa and Jain, Shri and others},
  journal={Acta Crystallographica Section D: Biological Crystallography},
  volume={58},
  number={6},
  pages={899--907},
  year={2002},
  publisher={International Union of Crystallography}
}

@article{ecod,
  title={{ECOD}: an evolutionary classification of protein domains},
  author={Cheng, Hua and Schaeffer, R Dustin and Liao, Yuxing and Kinch, Lisa N and Pei, Jimin and Shi, Shuoyong and Kim, Bong-Hyun and Grishin, Nick V},
  journal={{PLoS Computational Biology}},
  volume={10},
  number={12},
  pages={e1003926},
  year={2014},
  publisher={Public Library of Science}
}

@article{clustering_muller,
  title={Modern hierarchical, agglomerative clustering algorithms},
  author={M{\"u}llner, Daniel},
  journal={arXiv preprint arXiv:1109.2378},
  year={2011}
}

@article{dans2014unraveling,
  title={Unraveling the sequence-dependent polymorphic behavior of {d(CpG)} steps in {B-DNA}},
  author={Dans, Pablo Daniel and Faustino, Ignacio and Battistini, Federica and Zakrzewska, Krystyna and Lavery, Richard and Orozco, Modesto},
  journal={{Nucleic Acids Research}},
  volume={42},
  number={18},
  pages={11304--11320},
  year={2014},
  publisher={Oxford University Press}
}
@article{dans2019static,
  title={The static and dynamic structural heterogeneities of {B-DNA}: extending {Calladine}--{D}ickerson rules},
  author={Dans, Pablo D and Balaceanu, Alexandra and Pasi, Marco and Patelli, Alessandro S and Petkevi{\v{c}}i{\=u}t{\.e}, Daiva and Walther, J{\"u}rgen and Hospital, Adam and Bayarri, Gen{\'\i}s and Lavery, Richard and Maddocks, John H and others},
  journal={{Nucleic Acids Research}},
  volume={47},
  number={21},
  pages={11090--11102},
  year={2019},
  publisher={Oxford University Press}
}














#######jon paper

@article{Rovigatti15,
  author    = {Rovigatti, L. and \v{S}ulc, P. and Reguly, I. Z. and Romano, F.},
  title     = {A comparison between parallelization approaches in molecular
               dynamics simulations on GPUs},
  journal={{Journal of Computational Chemistry}},
  pages     = {1-8},
  year      = {2015},
  volume    = {36}
}
@article{Russo09,
  author    = {Russo, J. and Tartaglia, P. and Sciortino, F.},
  title     = {Reversible gels of patchy particles: Role of the valence},
  journal={{The Journal of Chemical Physics}},
  pages     = {014504},
  year      = {2009},
  volume    = {131}
}
@article{Ouldridge13,
  author    = {Ouldridge, T. E. and Hoare, R. L. and Louis, A. A. and
              Doye, J. P. K. and Bath, J. and Turberfield, A. J.},
  title     = {Optimizing {DNA} nanotechnology through coarse-grained modelling:
               A two-footed {DNA} walker},
  journal={{ACS Nano}},
  pages     = {2479-2490},
  year      = {2013},
  volume    = {7}
}



@article{Sulc12,
  author    = {\v{S}ulc, P. and Romano, F. and Ouldridge, T. E. and
               Rovigatti, L. and Doye, J. P. K. and Louis, A. A.},
  title     = {Sequence-dependent thermodynamics of a coarse-grained {DNA} model},
  journal={{The Journal of Chemical Physics}},
  pages     = {135101},
  year      = {2012},
  volume    = {137}
}


@article{Sulc14,
  author    = {\v{S}ulc, P. and Ouldridge, T. E. and Romano, F. and
               Doye, J. P. K. and Louis, A. A.},
  title     = {Simulating a burnt-bridges {DNA} motor with a coarse-grained {DNA} model},
  journal   = {{Natural Computing}},
  pages     = {535-547},
  year      = {2014},
  volume    = {13}
}

@article{Kocar16,
  author    = {Ko\v{c}ar, V. and Schreck, J.S. and \v{C}eru, S. and
               Gradi\v{s}ar, H. and Ba\v{s}i\'{c}, N. and Pisanki, T. and
               Doye, J. P. K. and Jerala, R.},
  title     = {Design principles for rapid folding of knotted {DNA} nanostructures},
  journal   = {Nat. Commun},
  year      = {2016},
  volume    = {7},
  pages     = {10803}
}

@book{goodfellow2016deep,
  title={Deep learning},
  author={Goodfellow, Ian and Bengio, Yoshua and Courville, Aaron},
  year={2016},
  publisher={{MIT Press}}
}

@article{Ouldridge10,
  author    = {Ouldridge, T. E. and Louis, A. A. and Doye, J. P. K.},
  title     = {{DNA} nanotweezers studied with a coarse-grained model of {DNA} },
  journal={{Physical Review Letters}},
  pages     = {178101},
  year      = {2010},
  volume    = {104}
}


@article{oxdna2,
  author    = {Snodin, B. E. K. and Randisi, F. and Mosayebi, M. and
               \v{S}ulc, P. and Schreck, J. S. and Romano, F. and
               Ouldridge, T. E. and Tsukanov, R. and Nir, E. and Louis, A. A.
               and Doye, J. P. K.},
  title     = {Introducing improved structural properties and salt dependence
               into a coarse-grained model of {DNA} },
  journal={{The Journal of Chemical Physics}},
  year      = {2015},
  pages     = {234901},
  volume    = {142}
}

@article{Doye13,
  author    = {Doye, J. P. K. and Ouldridge, T. E. and Louis, A. A. and
               Romano, F. and \v{S}ulc, P. and Matek, C. and Snodin, B. E. K.
               and Rovigatti, L. and Schreck, J. S. and Harrison, R. M. and
               Smith, W. P. J.},
  title     = {Coarse-graining {DNA} for simulations of {DNA} nanotechnology},
  journal={{Physical Chemistry Chemical Physics}},
  year      = {2013},
  pages     = {20395-20414},
  volume    = {15}
}


@article{Snodin15,
  author    = {Snodin, B. E. K. and Randisi, F. and Mosayebi, M. and
               \v{S}ulc, P. and Schreck, J. S. and Romano, F. and
               Ouldridge, T. E. and Tsukanov, R. and Nir, E. and Louis, A. A.
               and Doye, J. P. K.},
  title     = {Introducing improved structural properties and salt dependence
               into a coarse-grained model of {DNA} },
  journal={{The Journal of Chemical Physics}},
  year      = {2015},
  pages     = {234901},
  volume    = {142}
}



@article{Maffeo16,
  author    = {Maffeo, C. and Yoo, J. and Aksimentiev, A.},
  title     = {De novo reconstruction of {DNA} origami structures through atomistic molecular dynamics simulation},
  journal   = {Nucl. Acids Res.},
  pages     = {3013-3019},
  year      = {2016},
  volume    = {44}
}

@article{Yoo13,
  author    = {Yoo, J. and Aksimentiev, A.},
  title     = {In situ structure and dynamics of {DNA} origami determined through molecular dynamics simulations},
  journal   =  {{Proceedings of the National Academy of Sciences USA}},
  pages     = {20099-20104},
  year      = {2013},
  volume    = {110}
}

@article{Sedeh16,
  author    = {Sedeh, R. S. and Pan, K. and Adendorff, M. R. and Hallatschek, O.
               and Bathe, K.-J. and Bathe, M.},
  title     = {Computing Nonequilibrium Conformational Dynamics of Structured
Nucleic Acid Assemblies},
  journal={{Journal of Chemical Theory and Computation}},
  pages     = {261-273},
  year      = {2016},
  volume    = {12}
}


@article{Pan14,
  author    = {Pan, K. and Kim, D.-N. and Zhang, F. and Adendorff, M. R. and Yan, H.
               and Bathe, M.},
  title     = {Lattice-free prediction of three-dimensional structure of programmed {DNA} assemblies},
  journal   = {Nat. Commun.},
  pages     = {5578},
  year      = {2014},
  volume    = {5}
}



@article{battistini2021impact,
  title={The Impact of the HydroxyMethylCytosine epigenetic signature on {DNA} structure and function},
  author={Battistini, Federica and Dans, Pablo D and Terrazas, Montserrat and Castellazzi, Chiara L and Portella, Guillem and Labrador, Mireia and Villegas, N{\'u}ria and Brun-Heath, Isabelle and Gonz{\'a}lez, Carlos and Orozco, Modesto},
  journal={{PLoS Computational Biology}},
  volume={17},
  number={11},
  pages={e1009547},
  year={2021},
  publisher={Public Library of Science San Francisco, CA USA}
}

@book{neidle2018principles,
  title={{Principles of Nucleic Acid Structure}},
  author={Neidle, Stephen},
  year={2018},
  publisher={Elsevier}
}

@mastersthesis{beaud2021using,
  title={Using the {cgDNA+} model to compute sequence-dependent shapes of {DNA} minicircles},
  author={Beaud, Marius and Singh, Raushan and Maddocks, John H},
  year={2021},
  school={EPFL}
  }

@article{kielkopf2000conformational,
  title={Conformational flexibility of {B-DNA} at 0.74 {\AA} \ resolution: {d(CCAGTACTGG)2}},
  author={Kielkopf, Clara L and Ding, Sheng and Kuhn, Peter and Rees, Douglas C},
  journal={{Journal of Molecular Biology}},
  volume={296},
  number={3},
  pages={787--801},
  year={2000},
  publisher={Elsevier}
}

@article{maehigashi2012b,
  title={{B-DNA} structure is intrinsically polymorphic: even at the level of base pair positions},
  author={Maehigashi, Tatsuya and Hsiao, Chiaolong and Kruger Woods, Kristen and Moulaei, Tinoush and Hud, Nicholas V and Dean Williams, Loren},
  journal={{Nucleic Acids Research}},
  volume={40},
  number={8},
  pages={3714--3722},
  year={2012},
  publisher={Oxford University Press}
}

@article{wu2011tet1,
  title={Tet1 and 5-hydroxymethylation: a genome-wide view in mouse embryonic stem cells},
  author={Wu, Hao and Zhang, Yi},
  journal={Cell cycle},
  volume={10},
  number={15},
  pages={2428--2436},
  year={2011},
  publisher={Taylor \& Francis}
}

@article{perez2007dynamics,
  title={Dynamics of {B-DNA} on the microsecond time scale},
  author={P{\'e}rez, Alberto and Luque, F Javier and Orozco, Modesto},
  journal={{Journal of the American Chemical Society}},
  volume={129},
  number={47},
  pages={14739--14745},
  year={2007},
  publisher={ACS Publications}
}

@article{moravek2002protein,
  title={Protein and drug interactions in the minor groove of {DNA}},
  author={Mor{\'a}vek, Zdenek and Neidle, Stephen and Schneider, Bohdan},
  journal={Nucleic Acids Research},
  volume={30},
  number={5},
  pages={1182--1191},
  year={2002},
  publisher={Oxford University Press}
}
@article{marin2020double,
  title={Double-stranded {RNA} bending by {AU}-tract sequences},
  author={Marin-Gonzalez, Alberto and Aicart-Ramos, Clara and Marin-Baquero, Mikel and Mart{\'\i}n-Gonz{\'a}lez, Alejandro and Suomalainen, Maarit and Kannan, Abhilash and Vilhena, JG and Greber, Urs F and Moreno-Herrero, Fernando and P{\'e}rez, Rub{\'e}n},
  journal={{Nucleic Acids Research}},
  volume={48},
  number={22},
  pages={12917--12928},
  year={2020},
  publisher={Oxford University Press}
}
@article{jones1999protein,
  title={{Protein-DNA} interactions: a structural analysis},
  author={Jones, Susan and Van Heyningen, Paul and Berman, Helen M and Thornton, Janet M},
  journal={{Journal of Molecular Biology}},
  volume={287},
  number={5},
  pages={877--896},
  year={1999},
  publisher={Elsevier}
}

@article{schneider1990sequence,
  title={Sequence logos: a new way to display consensus sequences},
  author={Schneider, Thomas D and Stephens, R Michael},
  journal={{Nucleic Acids Research}},
  volume={18},
  number={20},
  pages={6097--6100},
  year={1990},
  publisher={Oxford University Press}
}


@article{young2022revisiting,
  title={Revisiting {DNA} sequence-dependent deformability in high-resolution structures: Effects of flanking base pairs on dinucleotide morphology and global chain configuration},
  author={Young, Robert T and Czapla, Luke and Wefers, Zoe O and Cohen, Benjamin M and Olson, Wilma K},
  journal={Life},
  volume={12},
  number={5},
  pages={759},
  year={2022},
  publisher={Multidisciplinary Digital Publishing Institute}
}

@article{gorenstein1994conformation,
  title={Conformation and dynamics of {DNA} and protein-{DNA} complexes by 31{P}  {NMR} },
  author={Gorenstein, David G},
  journal={{Chemical Reviews}},
  volume={94},
  number={5},
  pages={1315--1338},
  year={1994},
  publisher={ACS Publications}
}

@article{altona1972conformational,
  title={Conformational analysis of the sugar ring in nucleosides and nucleotides. {New} description using the concept of pseudorotation},
  author={Altona, C T and Sundaralingam, M},
  journal={{Journal of the American Chemical Society}},
  volume={94},
  number={23},
  pages={8205--8212},
  year={1972},
  publisher={ACS Publications}
}

@article{Castro11,
  author    = {Castro, C. E. and Kilchherr, F. and Kim, D.-N. and Shiao, E. L.
               and Wauer, T. and Wortmann, P and Bathe, M. and Dietz, H.},
  title     = {A primer to scaffolded {DNA} origami},
  journal   = {Nat. Methods},
  pages     = {221-229},
  year      = {2011},
  volume    = {8}
}
@article{napoli2006indirect,
  title={Indirect Readout of {DNA} Sequence at the Primary-kink Site in the {CAP}--{DNA} Complex: Recognition of Pyrimidine-Purine and Purine-Purine Steps},
  author={Napoli, Andrew A and Lawson, Catherine L and Ebright, Richard H and Berman, Helen M},
  journal={{Journal of Molecular Biology}},
  volume={357},
  number={1},
  pages={173--183},
  year={2006},
  publisher={Elsevier}
}

@inproceedings{yang2004pca,
  title={A PCA-based similarity measure for multivariate time series},
  author={Yang, Kiyoung and Shahabi, Cyrus},
  booktitle={Proceedings of the 2nd ACM international workshop on Multimedia databases},
  pages={65--74},
  year={2004}
}

@article{de2018cgdnaweb,
  title={cg{DNA}web: a web interface to the cg{DNA} sequence-dependent coarse-grain model of double-stranded {DNA}},
  author={De Bruin, Lennart and Maddocks, John H},
  journal={{Nucleic Acids Research}},
  volume={46},
  number={W1},
  pages={W5--W10},
  year={2018},
  publisher={Oxford University Press}
}

@article{svozil2008dna,
  title={{DNA} conformations and their sequence preferences},
  author={Svozil, Daniel and Kalina, Jan and Omelka, Marek and Schneider, Bohdan},
  journal={Nucleic Acids Research},
  volume={36},
  number={11},
  pages={3690--3706},
  year={2008},
  publisher={Oxford University Press}
}

@article{rohs2009role,
  title={The role of {DNA} shape in protein--{DNA} recognition},
  author={Rohs, Remo and West, Sean M and Sosinsky, Alona and Liu, Peng and Mann, Richard S and Honig, Barry},
  journal={Nature},
  volume={461},
  number={7268},
  pages={1248--1253},
  year={2009},
  publisher={Nature Publishing Group}
}

@article{Nickels16b,
  author    = {Nickels, P. C. and W\"{u}nsch, B. and Holzmeister, P. and Bae, W.
               and Kneer, L. M. and Grohmann, D. and Tinnefeld, P. and
               Liedl, T.},
  title = {Molecular force spectroscopy with a {DNA} origami–based nanoscopic force clamp}
journal   = {Science},
pages     = {305-307},
  year      = {2016},
  volume    = {354}
}


@article{Douglas12,
  author    = {Douglas, S. M. and Bachelet, I. and Church, G. M.},
  title     = {A logic-gated nanorobot for targeted transport of molecular
               payloads},
  journal   = {Science},
  pages     = {831-834},
  year      = {2012},
  volume    = {335}
}

@article{Liedl10,
  author    = {Liedl, T. and H\"{o}gberg, B. and Tytell, J. and Ingber, D. E.
               and Shih, W. M.},
  title     = {Self-assembly of three-dimensional prestressed tensegrity structures from  {DNA} },
  journal   = {Nat. Nanotechnol.},
  pages     = {520-524},
  year      = {2010},
  volume    = {5}
}

@article{Douglas09,
  author    = {Douglas, S. M. and Dietz, H. and Liedl, T. and H\"{o}gberg, B.
               and Graf, F. and Shih, W. M.},
  title     = {Self-assembly of {DNA} into nanoscale three-dimensional shapes},
  journal   = {Nature},
  pages     = {414-418},
  year      = {2009},
  volume    = {459}
}


@article{Rothemund06,
  author    = {Rothemund, P. W. K.},
  title     = {Folding {DNA} to create nanoscale shapes and patterns},
  journal   = {Nature},
  pages     = {297-302},
  year      = {2006},
  volume    = {440}
}


@article{zhou2017projection,
  title={Projection kinematic analysis of {DNA} origami mechanisms based on a two-dimensional  {TEM} image},
  author={Zhou, Lifeng and Su, Hai-Jun and Marras, Alexander E and Huang, Chao-Min and Castro, Carlos E},
  journal={Mechanism and Machine Theory},
  volume={109},
  pages={22--38},
  year={2017},
  publisher={Elsevier}
}
@article{ruf1999visual,
  title={Visual servoing of robot manipulators part i: Projective kinematics},
  author={Ruf, Andreas and Horaud, Radu},
  journal={The International Journal of Robotics Research},
  volume={18},
  number={11},
  pages={1101--1118},
  year={1999},
  publisher={SAGE Publications}
}